{"trade_id": "04c4cd54-0189-4a29-865a-998ace09cc86", "timestamp": "2026-03-25T18:02:43.245661Z", "ticker": "KXBTCD-26MAR2515-T70699.99", "taker_side": "yes", "yes_price": 0.57, "no_price": 0.43, "count": 55.0}
{"trade_id": "5bd03eb9-3d94-6a26-5348-e49de50d0b13", "timestamp": "2026-03-25T18:02:42.307709Z", "ticker": "KXBTCD-26MAR2515-T70699.99", "taker_side": "no", "yes_price": 0.55, "no_price": 0.45, "count": 1.0}
{"trade_id": "2af23346-06a6-6446-7478-737dea2c08c0", "timestamp": "2026-03-25T18:02:42.307709Z", "ticker": "KXBTCD-26MAR2515-T70699.99", "taker_side": "no", "yes_price": 0.55, "no_price": 0.45, "count": 3.0}
{"trade_id": "2cbcda60-9a30-5c86-52bd-63c1fbd0494a", "timestamp": "2026-03-25T18:02:37.022255Z", "ticker": "KXBTCD-26MAR2515-T70699.99", "taker_side": "yes", "yes_price": 0.56, "no_price": 0.44, "count": 1.0}
{"trade_id": "0e1a7544-fe4a-5eba-9c06-97c7d97505bd", "timestamp": "2026-03-25T18:02:34.232404Z", "ticker": "KXBTCD-26MAR2515-T70699.99", "taker_side": "no", "yes_price": 0.55, "no_price": 0.45, "count": 1.0}
{"trade_id": "470a6d24-abbc-499c-bfd4-f5704f084a93", "timestamp": "2026-03-25T18:02:33.850608Z", "ticker": "KXBTCD-26MAR2515-T70699.99", "taker_side": "yes", "yes_price": 0.57, "no_price": 0.43, "count": 11.0}
{"trade_id": "057a142a-6102-4fa0-951e-f5be575df018", "timestamp": "2026-03-25T18:02:31.551935Z", "ticker": "KXBTCD-26MAR2515-T70699.99", "taker_side": "no", "yes_price": 0.55, "no_price": 0.45, "count": 10.0}
{"trade_id": "b47cfef6-e740-772e-1343-d14f340b3c4a", "timestamp": "2026-03-25T18:02:16.347732Z", "ticker": "KXBTCD-26MAR2515-T70699.99", "taker_side": "no", "yes_price": 0.55, "no_price": 0.45, "count": 1.0}
{"trade_id": "4744c5af-2f2c-711e-9850-e7e473770322", "timestamp": "2026-03-25T18:02:16.241646Z", "ticker": "KXBTCD-26MAR2515-T70699.99", "taker_side": "no", "yes_price": 0.55, "no_price": 0.45, "count": 50.0}
{"trade_id": "505639c1-b6da-4de3-35bb-0a7d3f5c730b", "timestamp": "2026-03-25T18:02:13.9774Z", "ticker": "KXBTCD-26MAR2515-T70699.99", "taker_side": "yes", "yes_price": 0.54, "no_price": 0.46, "count": 1.0}
{"trade_id": "b9ebe6f3-5b1f-74d3-d77a-aab953f57bbb", "timestamp": "2026-03-25T18:02:13.829182Z", "ticker": "KXBTCD-26MAR2515-T70699.99", "taker_side": "yes", "yes_price": 0.53, "no_price": 0.47, "count": 1.0}
{"trade_id": "3856a895-b1e7-7043-d7ac-f71e29d82a01", "timestamp": "2026-03-25T18:02:13.829182Z", "ticker": "KXBTCD-26MAR2515-T70699.99", "taker_side": "yes", "yes_price": 0.53, "no_price": 0.47, "count": 100.0}
{"trade_id": "f9c6a8dd-7696-71a2-1a45-0822fd24a29b", "timestamp": "2026-03-25T18:02:11.723543Z", "ticker": "KXBTCD-26MAR2515-T70699.99", "taker_side": "no", "yes_price": 0.52, "no_price": 0.48, "count": 1.0}
{"trade_id": "f4f96bca-77b1-7140-34f0-e2e313154b58", "timestamp": "2026-03-25T18:02:11.723543Z", "ticker": "KXBTCD-26MAR2515-T70699.99", "taker_side": "no", "yes_price": 0.52, "no_price": 0.48, "count": 45.0}
{"trade_id": "7196f207-440a-718d-0dd9-bbbbb10fe087", "timestamp": "2026-03-25T18:02:11.723543Z", "ticker": "KXBTCD-26MAR2515-T70699.99", "taker_side": "no", "yes_price": 0.52, "no_price": 0.48, "count": 4.0}
{"trade_id": "eb841181-b292-47d6-39c9-287ba65783d2", "timestamp": "2026-03-25T18:02:06.394976Z", "ticker": "KXBTCD-26MAR2515-T70699.99", "taker_side": "no", "yes_price": 0.53, "no_price": 0.47, "count": 4.0}
{"trade_id": "9218d9f6-91a3-4947-9066-08e2191c5edc", "timestamp": "2026-03-25T18:02:06.375675Z", "ticker": "KXBTCD-26MAR2515-T70699.99", "taker_side": "yes", "yes_price": 0.54, "no_price": 0.46, "count": 49.0}
{"trade_id": "001bb043-d183-4601-a492-f6589307ce3a", "timestamp": "2026-03-25T18:02:06.375675Z", "ticker": "KXBTCD-26MAR2515-T70699.99", "taker_side": "yes", "yes_price": 0.54, "no_price": 0.46, "count": 88.0}
{"trade_id": "b88e3b8d-bb6f-6a09-64a5-9412396e668e", "timestamp": "2026-03-25T18:02:04.09449Z", "ticker": "KXBTCD-26MAR2515-T70699.99", "taker_side": "yes", "yes_price": 0.54, "no_price": 0.46, "count": 12.0}
{"trade_id": "16078387-4e17-6cee-6786-b761928851e1", "timestamp": "2026-03-25T18:02:04.09449Z", "ticker": "KXBTCD-26MAR2515-T70699.99", "taker_side": "yes", "yes_price": 0.54, "no_price": 0.46, "count": 5.0}
{"trade_id": "95e58eb6-430a-5202-871e-9af792f56786", "timestamp": "2026-03-25T18:01:58.832326Z", "ticker": "KXBTCD-26MAR2515-T70699.99", "taker_side": "no", "yes_price": 0.53, "no_price": 0.47, "count": 1.0}
{"trade_id": "f84d82bd-a07c-62bb-917f-df8a2be09baf", "timestamp": "2026-03-25T18:01:42.605183Z", "ticker": "KXBTCD-26MAR2515-T70699.99", "taker_side": "yes", "yes_price": 0.58, "no_price": 0.42, "count": 79.0}
{"trade_id": "f64f4cca-bc30-6f0d-9ff5-0d9f92509aba", "timestamp": "2026-03-25T18:01:42.605183Z", "ticker": "KXBTCD-26MAR2515-T70699.99", "taker_side": "yes", "yes_price": 0.58, "no_price": 0.42, "count": 87.0}
{"trade_id": "42b6110c-7004-49fb-bc56-ea90d2d1c213", "timestamp": "2026-03-25T18:01:38.947571Z", "ticker": "KXBTCD-26MAR2515-T70699.99", "taker_side": "yes", "yes_price": 0.58, "no_price": 0.42, "count": 21.0}
{"trade_id": "81cc820f-c6c2-6a9b-9432-9f0763a9c714", "timestamp": "2026-03-25T18:01:25.233042Z", "ticker": "KXBTCD-26MAR2515-T70699.99", "taker_side": "yes", "yes_price": 0.57, "no_price": 0.43, "count": 100.0}
{"trade_id": "8f63dac7-9e9c-4619-bc0c-17b20b195a67", "timestamp": "2026-03-25T18:01:24.625824Z", "ticker": "KXBTCD-26MAR2515-T70699.99", "taker_side": "yes", "yes_price": 0.55, "no_price": 0.45, "count": 1.0}
{"trade_id": "870075cc-294e-4c5b-800c-d01377f10fca", "timestamp": "2026-03-25T18:01:24.625824Z", "ticker": "KXBTCD-26MAR2515-T70699.99", "taker_side": "yes", "yes_price": 0.55, "no_price": 0.45, "count": 25.0}
{"trade_id": "0bb6aea1-b6a7-6797-d847-629f377cce33", "timestamp": "2026-03-25T18:01:17.148619Z", "ticker": "KXBTCD-26MAR2515-T70699.99", "taker_side": "no", "yes_price": 0.53, "no_price": 0.47, "count": 9.0}
{"trade_id": "097dc9db-0568-53aa-7d60-0b9b8a8fa976", "timestamp": "2026-03-25T18:01:11.45812Z", "ticker": "KXBTCD-26MAR2515-T70699.99", "taker_side": "yes", "yes_price": 0.54, "no_price": 0.46, "count": 2.0}
{"trade_id": "a703bc2d-5020-5194-8d16-c73125d44714", "timestamp": "2026-03-25T18:01:09.904466Z", "ticker": "KXBTCD-26MAR2515-T70699.99", "taker_side": "yes", "yes_price": 0.53, "no_price": 0.47, "count": 4.0}
{"trade_id": "573cd151-1576-4f57-dc26-9dab9bce5a4b", "timestamp": "2026-03-25T18:01:03.331762Z", "ticker": "KXBTCD-26MAR2515-T70699.99", "taker_side": "no", "yes_price": 0.51, "no_price": 0.49, "count": 1.0}
{"trade_id": "46c8077f-02b4-4be0-c237-6070862f8124", "timestamp": "2026-03-25T18:01:00.853906Z", "ticker": "KXBTCD-26MAR2515-T70699.99", "taker_side": "yes", "yes_price": 0.53, "no_price": 0.47, "count": 6.0}
{"trade_id": "7d473d30-b8d2-5691-274c-6628a65c32b3", "timestamp": "2026-03-25T18:00:47.86615Z", "ticker": "KXBTCD-26MAR2515-T70699.99", "taker_side": "yes", "yes_price": 0.56, "no_price": 0.44, "count": 8.0}
{"trade_id": "f6c293aa-5011-779b-b668-587beef4e974", "timestamp": "2026-03-25T18:00:47.127134Z", "ticker": "KXBTCD-26MAR2515-T70699.99", "taker_side": "no", "yes_price": 0.56, "no_price": 0.44, "count": 5.0}
{"trade_id": "ee5debbc-aa6a-71a9-eb82-a1de896bab7b", "timestamp": "2026-03-25T18:00:44.597738Z", "ticker": "KXBTCD-26MAR2515-T70699.99", "taker_side": "yes", "yes_price": 0.57, "no_price": 0.43, "count": 1.0}
{"trade_id": "75043942-a4fa-7dd2-8793-8e0a804f16ab", "timestamp": "2026-03-25T18:00:39.897741Z", "ticker": "KXBTCD-26MAR2515-T70699.99", "taker_side": "no", "yes_price": 0.56, "no_price": 0.44, "count": 5.0}
{"trade_id": "16abb33a-d468-7466-ad4c-02abd51d246d", "timestamp": "2026-03-25T18:00:39.897741Z", "ticker": "KXBTCD-26MAR2515-T70699.99", "taker_side": "no", "yes_price": 0.57, "no_price": 0.43, "count": 100.0}
{"trade_id": "0e9f22e2-f651-7d4d-b008-96ed345fbce4", "timestamp": "2026-03-25T18:00:39.897741Z", "ticker": "KXBTCD-26MAR2515-T70699.99", "taker_side": "no", "yes_price": 0.57, "no_price": 0.43, "count": 7.0}
{"trade_id": "d6c128e0-a261-7c9c-947b-71e25d6aac8e", "timestamp": "2026-03-25T18:00:38.607563Z", "ticker": "KXBTCD-26MAR2515-T70699.99", "taker_side": "no", "yes_price": 0.59, "no_price": 0.41, "count": 100.0}
{"trade_id": "f3af729b-27cd-7111-80df-9f90535760f8", "timestamp": "2026-03-25T18:00:33.601339Z", "ticker": "KXBTCD-26MAR2515-T70699.99", "taker_side": "no", "yes_price": 0.57, "no_price": 0.43, "count": 3.0}
{"trade_id": "282a1100-9b4d-5b66-0492-beb59f7046f0", "timestamp": "2026-03-25T18:00:14.575531Z", "ticker": "KXBTCD-26MAR2515-T70699.99", "taker_side": "yes", "yes_price": 0.59, "no_price": 0.41, "count": 405.0}
{"trade_id": "c3ebac8a-f8d4-5878-a7ab-d86e9e1041e2", "timestamp": "2026-03-25T18:00:00.747304Z", "ticker": "KXBTCD-26MAR2515-T70699.99", "taker_side": "no", "yes_price": 0.53, "no_price": 0.47, "count": 5.0}
{"trade_id": "f2342ddc-4538-4d2b-acd3-076388aa72c6", "timestamp": "2026-03-25T18:02:53.860316Z", "ticker": "KXBTCD-26MAR2515-T70699.99", "taker_side": "yes", "yes_price": 0.56, "no_price": 0.44, "count": 34.0}
{"trade_id": "ad1c2e48-bf3d-5193-1749-38f7acd9014b", "timestamp": "2026-03-25T18:02:59.636284Z", "ticker": "KXBTCD-26MAR2515-T70699.99", "taker_side": "yes", "yes_price": 0.57, "no_price": 0.43, "count": 3.0}
{"trade_id": "4cf90c6f-895c-532d-17d5-d6984b48aeda", "timestamp": "2026-03-25T18:02:59.636284Z", "ticker": "KXBTCD-26MAR2515-T70699.99", "taker_side": "yes", "yes_price": 0.57, "no_price": 0.43, "count": 17.0}
{"trade_id": "d6c0c32f-9f0c-4900-e1b5-6901401b5a8a", "timestamp": "2026-03-25T18:02:59.603174Z", "ticker": "KXBTCD-26MAR2515-T70699.99", "taker_side": "yes", "yes_price": 0.57, "no_price": 0.43, "count": 1.0}
{"trade_id": "0a795477-7a00-4d31-d697-356e3510f026", "timestamp": "2026-03-25T18:02:59.603174Z", "ticker": "KXBTCD-26MAR2515-T70699.99", "taker_side": "yes", "yes_price": 0.57, "no_price": 0.43, "count": 83.0}
{"trade_id": "33ba21e0-1e4b-78c1-2e4f-f85c84fab4a2", "timestamp": "2026-03-25T18:03:00.323437Z", "ticker": "KXBTCD-26MAR2515-T70699.99", "taker_side": "no", "yes_price": 0.55, "no_price": 0.45, "count": 382.0}
{"trade_id": "b368b044-4967-6cb6-332a-71c7657cf695", "timestamp": "2026-03-25T18:03:02.414797Z", "ticker": "KXBTCD-26MAR2515-T70699.99", "taker_side": "no", "yes_price": 0.56, "no_price": 0.44, "count": 1.0}
{"trade_id": "1c23a6b7-c5fb-6745-0844-d84bddff2baa", "timestamp": "2026-03-25T18:03:02.414797Z", "ticker": "KXBTCD-26MAR2515-T70699.99", "taker_side": "no", "yes_price": 0.55, "no_price": 0.45, "count": 20.0}
{"trade_id": "93b9c9b2-a194-792d-1ad2-9bb0e7b9a78f", "timestamp": "2026-03-25T18:03:02.08854Z", "ticker": "KXBTCD-26MAR2515-T70699.99", "taker_side": "yes", "yes_price": 0.57, "no_price": 0.43, "count": 16.0}
{"trade_id": "20701c47-4122-75fb-1e1f-6f6480ec47f9", "timestamp": "2026-03-25T18:03:02.08854Z", "ticker": "KXBTCD-26MAR2515-T70699.99", "taker_side": "yes", "yes_price": 0.57, "no_price": 0.43, "count": 1.0}
{"trade_id": "9bc74560-ee33-6a20-d772-1c79d6e17dbc", "timestamp": "2026-03-25T18:03:05.535633Z", "ticker": "KXBTCD-26MAR2515-T70699.99", "taker_side": "no", "yes_price": 0.56, "no_price": 0.44, "count": 5.0}
{"trade_id": "813f9490-7d64-7e83-fdef-6b0ac4aa16f2", "timestamp": "2026-03-25T18:03:08.734024Z", "ticker": "KXBTCD-26MAR2515-T70699.99", "taker_side": "yes", "yes_price": 0.58, "no_price": 0.42, "count": 1.0}
{"trade_id": "fcc7e3d7-ba50-7ad9-f073-e52d0d57dc36", "timestamp": "2026-03-25T18:03:15.662053Z", "ticker": "KXBTCD-26MAR2515-T70699.99", "taker_side": "yes", "yes_price": 0.59, "no_price": 0.41, "count": 54.0}
{"trade_id": "b4bca213-5e01-6adf-4708-caec2c367837", "timestamp": "2026-03-25T18:03:25.941527Z", "ticker": "KXBTCD-26MAR2515-T70699.99", "taker_side": "yes", "yes_price": 0.58, "no_price": 0.42, "count": 100.0}
{"trade_id": "70196917-6773-6e2b-6fed-2d6969ae57c8", "timestamp": "2026-03-25T18:03:25.941527Z", "ticker": "KXBTCD-26MAR2515-T70699.99", "taker_side": "yes", "yes_price": 0.58, "no_price": 0.42, "count": 14.0}
{"trade_id": "485dc7ef-0950-6795-66ef-325520d70c03", "timestamp": "2026-03-25T18:03:25.941527Z", "ticker": "KXBTCD-26MAR2515-T70699.99", "taker_side": "yes", "yes_price": 0.58, "no_price": 0.42, "count": 1.0}
{"trade_id": "44a7285b-5f96-633e-7777-ce58360c26f1", "timestamp": "2026-03-25T18:03:25.941527Z", "ticker": "KXBTCD-26MAR2515-T70699.99", "taker_side": "yes", "yes_price": 0.58, "no_price": 0.42, "count": 100.0}
{"trade_id": "129fb422-3903-4cf8-9a97-5aaf1df0a751", "timestamp": "2026-03-25T18:03:36.391067Z", "ticker": "KXBTCD-26MAR2515-T70699.99", "taker_side": "no", "yes_price": 0.58, "no_price": 0.42, "count": 2.0}
{"trade_id": "d1753c26-ef9c-4d5b-8889-847fd62ba3c7", "timestamp": "2026-03-25T18:03:38.076309Z", "ticker": "KXBTCD-26MAR2515-T70699.99", "taker_side": "yes", "yes_price": 0.58, "no_price": 0.42, "count": 3.0}
{"trade_id": "5cacaed8-1af2-7607-5da4-0010debfa887", "timestamp": "2026-03-25T18:03:40.061449Z", "ticker": "KXBTCD-26MAR2515-T70699.99", "taker_side": "yes", "yes_price": 0.59, "no_price": 0.41, "count": 16.0}
{"trade_id": "ea9d1bf1-4c01-7547-9b16-052270062eb6", "timestamp": "2026-03-25T18:03:46.045998Z", "ticker": "KXBTCD-26MAR2515-T70699.99", "taker_side": "no", "yes_price": 0.57, "no_price": 0.43, "count": 1.0}
{"trade_id": "71e7afb0-5967-785c-9ad4-101fd52935a7", "timestamp": "2026-03-25T18:03:46.045998Z", "ticker": "KXBTCD-26MAR2515-T70699.99", "taker_side": "no", "yes_price": 0.57, "no_price": 0.43, "count": 630.0}
{"trade_id": "30c22374-f304-5d4f-3220-9e0b3a942ca2", "timestamp": "2026-03-25T18:03:51.756239Z", "ticker": "KXBTCD-26MAR2515-T70699.99", "taker_side": "yes", "yes_price": 0.55, "no_price": 0.45, "count": 8.0}
{"trade_id": "b284f939-aa86-5e06-cd11-16887bfa9dcc", "timestamp": "2026-03-25T18:03:54.007279Z", "ticker": "KXBTCD-26MAR2515-T70699.99", "taker_side": "no", "yes_price": 0.54, "no_price": 0.46, "count": 53.0}
{"trade_id": "d4f44924-b57c-478b-d48f-e9f5b12b1b6e", "timestamp": "2026-03-25T18:03:53.876646Z", "ticker": "KXBTCD-26MAR2515-T70699.99", "taker_side": "yes", "yes_price": 0.55, "no_price": 0.45, "count": 25.0}
{"trade_id": "22c3dd7b-7865-6b72-55d7-041e741e3fa0", "timestamp": "2026-03-25T18:03:59.860548Z", "ticker": "KXBTCD-26MAR2515-T70699.99", "taker_side": "no", "yes_price": 0.54, "no_price": 0.46, "count": 31.0}
{"trade_id": "5a612147-d753-49a4-d9d3-1510a4f5d2c0", "timestamp": "2026-03-25T18:04:19.793127Z", "ticker": "KXBTCD-26MAR2515-T70699.99", "taker_side": "no", "yes_price": 0.59, "no_price": 0.41, "count": 1.0}
{"trade_id": "cd414bb8-0b7b-48c2-2bd3-bb278eecb5b4", "timestamp": "2026-03-25T18:04:26.227745Z", "ticker": "KXBTCD-26MAR2515-T70699.99", "taker_side": "no", "yes_price": 0.59, "no_price": 0.41, "count": 15.0}
{"trade_id": "fc8b5a57-a00f-6f69-9caa-9cb79162c317", "timestamp": "2026-03-25T18:04:30.551994Z", "ticker": "KXBTCD-26MAR2515-T70699.99", "taker_side": "yes", "yes_price": 0.61, "no_price": 0.39, "count": 5.0}
{"trade_id": "b4ac45ac-19b1-62b6-afc8-d6a8b8fe5f8a", "timestamp": "2026-03-25T18:04:30.551994Z", "ticker": "KXBTCD-26MAR2515-T70699.99", "taker_side": "yes", "yes_price": 0.61, "no_price": 0.39, "count": 26.0}
{"trade_id": "62e75442-aecd-6dd6-5939-087a06369bea", "timestamp": "2026-03-25T18:04:34.440787Z", "ticker": "KXBTCD-26MAR2515-T70699.99", "taker_side": "yes", "yes_price": 0.61, "no_price": 0.39, "count": 4.0}
{"trade_id": "897bc35b-0333-626b-2a3d-5fc43daf9594", "timestamp": "2026-03-25T18:04:37.897164Z", "ticker": "KXBTCD-26MAR2515-T70699.99", "taker_side": "yes", "yes_price": 0.61, "no_price": 0.39, "count": 100.0}
{"trade_id": "0d0dd502-df63-6991-0815-63af3f8863d1", "timestamp": "2026-03-25T18:04:37.897164Z", "ticker": "KXBTCD-26MAR2515-T70699.99", "taker_side": "yes", "yes_price": 0.61, "no_price": 0.39, "count": 50.0}
{"trade_id": "f744ed9a-f14c-6c0c-537d-7999dac8b7a5", "timestamp": "2026-03-25T18:04:44.547156Z", "ticker": "KXBTCD-26MAR2515-T70699.99", "taker_side": "no", "yes_price": 0.62, "no_price": 0.38, "count": 20.0}
{"trade_id": "96d8dd9a-5cc4-7935-2bb6-1dfff1196f13", "timestamp": "2026-03-25T18:04:51.467713Z", "ticker": "KXBTCD-26MAR2515-T70699.99", "taker_side": "yes", "yes_price": 0.65, "no_price": 0.35, "count": 1.0}
{"trade_id": "764d846c-e8f9-7f7e-0f89-7f6993236085", "timestamp": "2026-03-25T18:04:51.467713Z", "ticker": "KXBTCD-26MAR2515-T70699.99", "taker_side": "yes", "yes_price": 0.65, "no_price": 0.35, "count": 100.0}
{"trade_id": "3d533abe-9136-7d7e-0292-e99f32d0c3ca", "timestamp": "2026-03-25T18:04:51.467713Z", "ticker": "KXBTCD-26MAR2515-T70699.99", "taker_side": "yes", "yes_price": 0.65, "no_price": 0.35, "count": 100.0}
{"trade_id": "2c5f7e54-741c-7ebe-1db2-49d8681a59e6", "timestamp": "2026-03-25T18:04:51.467713Z", "ticker": "KXBTCD-26MAR2515-T70699.99", "taker_side": "yes", "yes_price": 0.65, "no_price": 0.35, "count": 1799.0}
{"trade_id": "530e5fbc-c9cb-41f1-3b38-a8348d8d4621", "timestamp": "2026-03-25T18:04:51.308494Z", "ticker": "KXBTCD-26MAR2515-T70699.99", "taker_side": "yes", "yes_price": 0.63, "no_price": 0.37, "count": 100.0}
{"trade_id": "162e7e38-aa3f-42d7-16b9-37476f11063f", "timestamp": "2026-03-25T18:04:51.308494Z", "ticker": "KXBTCD-26MAR2515-T70699.99", "taker_side": "yes", "yes_price": 0.63, "no_price": 0.37, "count": 100.0}
{"trade_id": "be8d31f8-0799-64a7-1723-3fe3a90c853b", "timestamp": "2026-03-25T18:04:52.444438Z", "ticker": "KXBTCD-26MAR2515-T70699.99", "taker_side": "no", "yes_price": 0.65, "no_price": 0.35, "count": 10.0}
{"trade_id": "813d56fd-3bb3-7d9f-2955-4b4c4503ad65", "timestamp": "2026-03-25T18:04:52.127244Z", "ticker": "KXBTCD-26MAR2515-T70699.99", "taker_side": "no", "yes_price": 0.66, "no_price": 0.34, "count": 1.0}
{"trade_id": "cc8e4ee3-d5f0-54ac-ac32-989dce014c72", "timestamp": "2026-03-25T18:04:55.401759Z", "ticker": "KXBTCD-26MAR2515-T70699.99", "taker_side": "yes", "yes_price": 0.65, "no_price": 0.35, "count": 14.0}
{"trade_id": "e2fad8e1-e8a2-48ba-7d82-7a157e038542", "timestamp": "2026-03-25T18:04:57.526053Z", "ticker": "KXBTCD-26MAR2515-T70699.99", "taker_side": "yes", "yes_price": 0.65, "no_price": 0.35, "count": 100.0}
{"trade_id": "4124eafc-9eb0-4b30-55c0-5cd383f7ea06", "timestamp": "2026-03-25T18:04:57.526053Z", "ticker": "KXBTCD-26MAR2515-T70699.99", "taker_side": "yes", "yes_price": 0.65, "no_price": 0.35, "count": 86.0}
{"trade_id": "c8eb7173-ad93-4425-10cd-e2464e83fc73", "timestamp": "2026-03-25T18:05:06.549965Z", "ticker": "KXBTCD-26MAR2515-T70699.99", "taker_side": "no", "yes_price": 0.64, "no_price": 0.36, "count": 500.0}
{"trade_id": "87d33eb6-47a3-589f-8177-390cdfe88b0a", "timestamp": "2026-03-25T18:05:11.896294Z", "ticker": "KXBTCD-26MAR2515-T70699.99", "taker_side": "yes", "yes_price": 0.66, "no_price": 0.34, "count": 10.0}
{"trade_id": "100cdc7d-7045-6f0b-aa63-e315ecec8271", "timestamp": "2026-03-25T18:05:19.66103Z", "ticker": "KXBTCD-26MAR2515-T70699.99", "taker_side": "yes", "yes_price": 0.69, "no_price": 0.31, "count": 14.0}
{"trade_id": "8ffa6e3b-ffe7-5a19-b7a0-3407cee9d1b4", "timestamp": "2026-03-25T18:05:20.492263Z", "ticker": "KXBTCD-26MAR2515-T70699.99", "taker_side": "no", "yes_price": 0.67, "no_price": 0.33, "count": 1.0}
{"trade_id": "c172efe0-980d-636f-0215-e88855aa334d", "timestamp": "2026-03-25T18:05:21.187532Z", "ticker": "KXBTCD-26MAR2515-T70699.99", "taker_side": "yes", "yes_price": 0.69, "no_price": 0.31, "count": 1.0}
{"trade_id": "1b560dbe-2c29-6c7c-81a8-e135a7acec81", "timestamp": "2026-03-25T18:05:21.962765Z", "ticker": "KXBTCD-26MAR2515-T70699.99", "taker_side": "no", "yes_price": 0.67, "no_price": 0.33, "count": 20.0}
{"trade_id": "8c9ae57b-a312-7dcb-9390-7a7f30946b60", "timestamp": "2026-03-25T18:05:24.924317Z", "ticker": "KXBTCD-26MAR2515-T70699.99", "taker_side": "yes", "yes_price": 0.67, "no_price": 0.33, "count": 14.0}
{"trade_id": "dfe18a00-cda4-6e8a-0fb8-62491516635e", "timestamp": "2026-03-25T18:05:26.180017Z", "ticker": "KXBTCD-26MAR2515-T70699.99", "taker_side": "yes", "yes_price": 0.67, "no_price": 0.33, "count": 100.0}
{"trade_id": "9482e8a5-dbca-6d15-0890-8eb8fc6d7143", "timestamp": "2026-03-25T18:05:26.180017Z", "ticker": "KXBTCD-26MAR2515-T70699.99", "taker_side": "yes", "yes_price": 0.67, "no_price": 0.33, "count": 124.0}
{"trade_id": "1f9ea13b-8b16-6d6f-1be9-c1605f8b6ae0", "timestamp": "2026-03-25T18:05:26.180017Z", "ticker": "KXBTCD-26MAR2515-T70699.99", "taker_side": "yes", "yes_price": 0.67, "no_price": 0.33, "count": 66.0}
{"trade_id": "00d97ea8-c7d3-6ea4-59e8-479225a4c51d", "timestamp": "2026-03-25T18:05:28.66814Z", "ticker": "KXBTCD-26MAR2515-T70699.99", "taker_side": "yes", "yes_price": 0.67, "no_price": 0.33, "count": 99.0}
{"trade_id": "32ceeb04-25fe-6091-c6d3-66234cb02b73", "timestamp": "2026-03-25T18:05:29.671452Z", "ticker": "KXBTCD-26MAR2515-T70699.99", "taker_side": "no", "yes_price": 0.66, "no_price": 0.34, "count": 1000.0}
{"trade_id": "5784a52e-9371-5d53-1ef3-fe02b655042e", "timestamp": "2026-03-25T18:05:41.86918Z", "ticker": "KXBTCD-26MAR2515-T70699.99", "taker_side": "yes", "yes_price": 0.7, "no_price": 0.3, "count": 10.0}
{"trade_id": "22ddad60-f34c-53a5-18cb-af03283fb64f", "timestamp": "2026-03-25T18:05:41.86918Z", "ticker": "KXBTCD-26MAR2515-T70699.99", "taker_side": "yes", "yes_price": 0.7, "no_price": 0.3, "count": 100.0}
{"trade_id": "21648eb9-9052-492c-1bbf-ad408241244f", "timestamp": "2026-03-25T18:05:47.542799Z", "ticker": "KXBTCD-26MAR2515-T70699.99", "taker_side": "no", "yes_price": 0.71, "no_price": 0.29, "count": 1.0}
{"trade_id": "bcf8f710-4c7d-6978-489c-9bb2b722f7aa", "timestamp": "2026-03-25T18:05:54.773735Z", "ticker": "KXBTCD-26MAR2515-T70699.99", "taker_side": "no", "yes_price": 0.71, "no_price": 0.29, "count": 5.0}
{"trade_id": "39d40470-67d1-7dae-650b-851d73504cd0", "timestamp": "2026-03-25T18:06:07.161016Z", "ticker": "KXBTCD-26MAR2515-T70699.99", "taker_side": "no", "yes_price": 0.74, "no_price": 0.26, "count": 49.0}
{"trade_id": "fba46265-5a1e-60cc-d805-ac5517b2ff07", "timestamp": "2026-03-25T18:06:07.122613Z", "ticker": "KXBTCD-26MAR2515-T70699.99", "taker_side": "yes", "yes_price": 0.74, "no_price": 0.26, "count": 100.0}
{"trade_id": "f6dff950-8342-602e-ded1-4b0f844236b4", "timestamp": "2026-03-25T18:06:07.122613Z", "ticker": "KXBTCD-26MAR2515-T70699.99", "taker_side": "yes", "yes_price": 0.74, "no_price": 0.26, "count": 100.0}
{"trade_id": "48605a85-2109-6efb-c584-a7d18fb35bbb", "timestamp": "2026-03-25T18:06:07.122613Z", "ticker": "KXBTCD-26MAR2515-T70699.99", "taker_side": "yes", "yes_price": 0.74, "no_price": 0.26, "count": 1.0}
{"trade_id": "e04eef14-108e-45d4-3985-7f63cb4ab2fd", "timestamp": "2026-03-25T18:06:09.70155Z", "ticker": "KXBTCD-26MAR2515-T70699.99", "taker_side": "no", "yes_price": 0.73, "no_price": 0.27, "count": 20.0}
{"trade_id": "87cd28cf-d459-4f2d-1180-fd3b3000b58f", "timestamp": "2026-03-25T18:06:09.70155Z", "ticker": "KXBTCD-26MAR2515-T70699.99", "taker_side": "no", "yes_price": 0.73, "no_price": 0.27, "count": 80.0}
{"trade_id": "afacb3a9-3f8a-5edc-8f9c-5ce7ca11e762", "timestamp": "2026-03-25T18:06:11.850119Z", "ticker": "KXBTCD-26MAR2515-T70699.99", "taker_side": "no", "yes_price": 0.74, "no_price": 0.26, "count": 1.0}
{"trade_id": "0f0b4680-5c03-5a89-9c31-0b34ac1204e4", "timestamp": "2026-03-25T18:06:11.850119Z", "ticker": "KXBTCD-26MAR2515-T70699.99", "taker_side": "no", "yes_price": 0.74, "no_price": 0.26, "count": 7.0}
{"trade_id": "7f60cbac-0f1f-740a-082f-079f29b84fba", "timestamp": "2026-03-25T18:06:16.352784Z", "ticker": "KXBTCD-26MAR2515-T70699.99", "taker_side": "yes", "yes_price": 0.75, "no_price": 0.25, "count": 9.0}
{"trade_id": "55f12643-14b7-71e1-287e-080742ea28af", "timestamp": "2026-03-25T18:06:16.352784Z", "ticker": "KXBTCD-26MAR2515-T70699.99", "taker_side": "yes", "yes_price": 0.75, "no_price": 0.25, "count": 10.0}
{"trade_id": "3e8a4694-9b76-7f01-0cf5-9d6f4f2a6eee", "timestamp": "2026-03-25T18:06:16.352784Z", "ticker": "KXBTCD-26MAR2515-T70699.99", "taker_side": "yes", "yes_price": 0.75, "no_price": 0.25, "count": 20.0}
{"trade_id": "07460cd1-efe0-75ad-3625-0fe615689c2e", "timestamp": "2026-03-25T18:06:16.352784Z", "ticker": "KXBTCD-26MAR2515-T70699.99", "taker_side": "yes", "yes_price": 0.74, "no_price": 0.26, "count": 1.0}
{"trade_id": "70490b8a-2b8f-66b2-d649-e2bd6b7410a2", "timestamp": "2026-03-25T18:06:20.445808Z", "ticker": "KXBTCD-26MAR2515-T70699.99", "taker_side": "yes", "yes_price": 0.75, "no_price": 0.25, "count": 1.0}
{"trade_id": "df35beb8-93ef-7319-8c32-933eacec8760", "timestamp": "2026-03-25T18:06:26.229216Z", "ticker": "KXBTCD-26MAR2515-T70699.99", "taker_side": "no", "yes_price": 0.74, "no_price": 0.26, "count": 17.0}
{"trade_id": "ba4d7029-a40a-7b42-ab54-dd268323be6c", "timestamp": "2026-03-25T18:06:26.229216Z", "ticker": "KXBTCD-26MAR2515-T70699.99", "taker_side": "no", "yes_price": 0.74, "no_price": 0.26, "count": 1.0}
{"trade_id": "2ce02ab2-a9bb-654d-299f-8886e411c2b0", "timestamp": "2026-03-25T18:06:29.766664Z", "ticker": "KXBTCD-26MAR2515-T70699.99", "taker_side": "no", "yes_price": 0.74, "no_price": 0.26, "count": 20.0}
{"trade_id": "c4820193-bfb7-61cd-2478-d172b66cb8e8", "timestamp": "2026-03-25T18:06:33.37589Z", "ticker": "KXBTCD-26MAR2515-T70699.99", "taker_side": "no", "yes_price": 0.74, "no_price": 0.26, "count": 100.0}
{"trade_id": "139b255e-e3db-43bd-5cad-0967fc5c169c", "timestamp": "2026-03-25T18:06:34.527561Z", "ticker": "KXBTCD-26MAR2515-T70699.99", "taker_side": "no", "yes_price": 0.74, "no_price": 0.26, "count": 25.0}
{"trade_id": "6020e7a7-09b7-4485-66ea-a11b407f3db8", "timestamp": "2026-03-25T18:06:35.976579Z", "ticker": "KXBTCD-26MAR2515-T70699.99", "taker_side": "no", "yes_price": 0.74, "no_price": 0.26, "count": 17.0}
{"trade_id": "e6110da2-7a3c-431a-62f9-8ea35b96ff79", "timestamp": "2026-03-25T18:06:40.336132Z", "ticker": "KXBTCD-26MAR2515-T70699.99", "taker_side": "yes", "yes_price": 0.76, "no_price": 0.24, "count": 100.0}
{"trade_id": "17dbf92b-6f04-4d7c-545f-fe4d29be52d9", "timestamp": "2026-03-25T18:06:40.336132Z", "ticker": "KXBTCD-26MAR2515-T70699.99", "taker_side": "yes", "yes_price": 0.76, "no_price": 0.24, "count": 16.0}
{"trade_id": "8c9dd9fd-0a10-659c-d0d4-f63f83655071", "timestamp": "2026-03-25T18:06:44.335951Z", "ticker": "KXBTCD-26MAR2515-T70699.99", "taker_side": "yes", "yes_price": 0.76, "no_price": 0.24, "count": 50.0}
{"trade_id": "334d52a9-df7f-5b85-5eff-58d8486fe4ac", "timestamp": "2026-03-25T18:06:57.122406Z", "ticker": "KXBTCD-26MAR2515-T70699.99", "taker_side": "no", "yes_price": 0.74, "no_price": 0.26, "count": 14.0}
{"trade_id": "17673855-5c24-430d-d960-4dc1b772465d", "timestamp": "2026-03-25T18:07:01.865732Z", "ticker": "KXBTCD-26MAR2515-T70699.99", "taker_side": "yes", "yes_price": 0.74, "no_price": 0.26, "count": 65.0}
{"trade_id": "b0c49f39-93ab-79a4-764e-21f52dccd546", "timestamp": "2026-03-25T18:07:05.840204Z", "ticker": "KXBTCD-26MAR2515-T70699.99", "taker_side": "no", "yes_price": 0.74, "no_price": 0.26, "count": 2.0}
{"trade_id": "4ac07682-8a84-6967-3fb4-2694b952fe83", "timestamp": "2026-03-25T18:07:11.048126Z", "ticker": "KXBTCD-26MAR2515-T70699.99", "taker_side": "yes", "yes_price": 0.74, "no_price": 0.26, "count": 43.0}
{"trade_id": "cfab6bda-161e-6792-4fa9-995605bb9272", "timestamp": "2026-03-25T18:07:13.852211Z", "ticker": "KXBTCD-26MAR2515-T70699.99", "taker_side": "no", "yes_price": 0.74, "no_price": 0.26, "count": 24.0}
{"trade_id": "babe73d6-a59e-71e6-e436-7d104ce5c1aa", "timestamp": "2026-03-25T18:07:14.483465Z", "ticker": "KXBTCD-26MAR2515-T70699.99", "taker_side": "no", "yes_price": 0.74, "no_price": 0.26, "count": 33.0}
{"trade_id": "619d737a-73f5-7eec-ca87-6a8a4c683c7e", "timestamp": "2026-03-25T18:07:14.483465Z", "ticker": "KXBTCD-26MAR2515-T70699.99", "taker_side": "no", "yes_price": 0.74, "no_price": 0.26, "count": 218.0}
{"trade_id": "61135526-535b-7230-e28d-576b98e64c49", "timestamp": "2026-03-25T18:07:14.483465Z", "ticker": "KXBTCD-26MAR2515-T70699.99", "taker_side": "no", "yes_price": 0.74, "no_price": 0.26, "count": 100.0}
{"trade_id": "2ad778c4-d7cd-57a4-21db-6f2afcf131fa", "timestamp": "2026-03-25T18:07:15.167601Z", "ticker": "KXBTCD-26MAR2515-T70699.99", "taker_side": "no", "yes_price": 0.74, "no_price": 0.26, "count": 31.0}
{"trade_id": "4393fefc-b490-5afe-09f6-b64d5878a8de", "timestamp": "2026-03-25T18:07:18.611149Z", "ticker": "KXBTCD-26MAR2515-T70699.99", "taker_side": "no", "yes_price": 0.74, "no_price": 0.26, "count": 1.0}
{"trade_id": "e008429b-7b1e-7d35-0612-e707ad673028", "timestamp": "2026-03-25T18:07:32.531362Z", "ticker": "KXBTCD-26MAR2515-T70699.99", "taker_side": "yes", "yes_price": 0.73, "no_price": 0.27, "count": 100.0}
{"trade_id": "bdf4c2e1-72a6-7c9b-14a3-8ba7d4a07d45", "timestamp": "2026-03-25T18:07:32.531362Z", "ticker": "KXBTCD-26MAR2515-T70699.99", "taker_side": "yes", "yes_price": 0.73, "no_price": 0.27, "count": 1.0}
{"trade_id": "bc567520-b7dd-7dca-242d-6de0adcb4ab5", "timestamp": "2026-03-25T18:07:32.531362Z", "ticker": "KXBTCD-26MAR2515-T70699.99", "taker_side": "yes", "yes_price": 0.74, "no_price": 0.26, "count": 49.0}
{"trade_id": "00afc5b2-4e4c-7cf7-3247-2a510aa5a79f", "timestamp": "2026-03-25T18:07:32.531362Z", "ticker": "KXBTCD-26MAR2515-T70699.99", "taker_side": "yes", "yes_price": 0.73, "no_price": 0.27, "count": 100.0}
{"trade_id": "c80e2045-1b2c-5eed-7b9b-d3918e140179", "timestamp": "2026-03-25T18:07:36.941112Z", "ticker": "KXBTCD-26MAR2515-T70699.99", "taker_side": "yes", "yes_price": 0.73, "no_price": 0.27, "count": 26.0}
{"trade_id": "f8f8abcd-0204-5d94-2091-5c353c5e1492", "timestamp": "2026-03-25T18:07:36.14039Z", "ticker": "KXBTCD-26MAR2515-T70699.99", "taker_side": "no", "yes_price": 0.72, "no_price": 0.28, "count": 1.0}
{"trade_id": "26e06f0a-3d97-7ef2-d54c-63c91784dace", "timestamp": "2026-03-25T18:07:53.582967Z", "ticker": "KXBTCD-26MAR2515-T70699.99", "taker_side": "yes", "yes_price": 0.71, "no_price": 0.29, "count": 100.0}
{"trade_id": "b2c5c0b1-a120-654e-4059-ff363c9bcb65", "timestamp": "2026-03-25T18:07:53.385005Z", "ticker": "KXBTCD-26MAR2515-T70699.99", "taker_side": "yes", "yes_price": 0.7, "no_price": 0.3, "count": 100.0}
{"trade_id": "5a9b968b-225e-6df2-49c3-9e15ae146f47", "timestamp": "2026-03-25T18:07:53.385005Z", "ticker": "KXBTCD-26MAR2515-T70699.99", "taker_side": "yes", "yes_price": 0.7, "no_price": 0.3, "count": 100.0}
{"trade_id": "ebbbff45-72eb-65ce-e8f0-7254c98d8c5f", "timestamp": "2026-03-25T18:08:01.44736Z", "ticker": "KXBTCD-26MAR2515-T70699.99", "taker_side": "no", "yes_price": 0.74, "no_price": 0.26, "count": 2.0}
{"trade_id": "b53d1533-4213-748c-0b12-ee95732390db", "timestamp": "2026-03-25T18:08:08.33883Z", "ticker": "KXBTCD-26MAR2515-T70699.99", "taker_side": "yes", "yes_price": 0.74, "no_price": 0.26, "count": 100.0}
{"trade_id": "89547271-1a8e-75ff-24fd-5f2d21039a0f", "timestamp": "2026-03-25T18:08:08.33883Z", "ticker": "KXBTCD-26MAR2515-T70699.99", "taker_side": "yes", "yes_price": 0.74, "no_price": 0.26, "count": 31.0}
{"trade_id": "5520ed3c-c760-5cf3-8b49-d2b7bfa797c9", "timestamp": "2026-03-25T18:08:09.893645Z", "ticker": "KXBTCD-26MAR2515-T70699.99", "taker_side": "yes", "yes_price": 0.74, "no_price": 0.26, "count": 90.0}
{"trade_id": "4ec9dc69-b89c-6425-fe01-0ad5241da85c", "timestamp": "2026-03-25T18:08:17.212872Z", "ticker": "KXBTCD-26MAR2515-T70699.99", "taker_side": "no", "yes_price": 0.71, "no_price": 0.29, "count": 1.0}
{"trade_id": "98deb255-f66f-69c5-aff6-978b4696fd06", "timestamp": "2026-03-25T18:08:21.537073Z", "ticker": "KXBTCD-26MAR2515-T70699.99", "taker_side": "no", "yes_price": 0.7, "no_price": 0.3, "count": 650.0}
{"trade_id": "8a4bceba-5a8f-6b66-8876-b299bd4ff2df", "timestamp": "2026-03-25T18:08:21.537073Z", "ticker": "KXBTCD-26MAR2515-T70699.99", "taker_side": "no", "yes_price": 0.7, "no_price": 0.3, "count": 350.0}
{"trade_id": "dbebd3b3-7e0d-73b9-5a79-d8cd15a7ee88", "timestamp": "2026-03-25T18:08:22.216663Z", "ticker": "KXBTCD-26MAR2515-T70699.99", "taker_side": "no", "yes_price": 0.71, "no_price": 0.29, "count": 1.0}
{"trade_id": "8b235926-1cc3-79c5-6c0a-945028ac69f2", "timestamp": "2026-03-25T18:08:22.216663Z", "ticker": "KXBTCD-26MAR2515-T70699.99", "taker_side": "no", "yes_price": 0.7, "no_price": 0.3, "count": 14.0}
{"trade_id": "c79d4acb-9c9e-4895-9c94-2c6860c767ec", "timestamp": "2026-03-25T18:08:24.299361Z", "ticker": "KXBTCD-26MAR2515-T70699.99", "taker_side": "no", "yes_price": 0.71, "no_price": 0.29, "count": 350.0}
{"trade_id": "6a8cfafe-fd99-4739-8d27-21d10b4c991b", "timestamp": "2026-03-25T18:08:24.299361Z", "ticker": "KXBTCD-26MAR2515-T70699.99", "taker_side": "no", "yes_price": 0.7, "no_price": 0.3, "count": 118.0}
{"trade_id": "ebda1fb7-b28f-4efa-8435-b2ac4d308ed1", "timestamp": "2026-03-25T18:08:31.311591Z", "ticker": "KXBTCD-26MAR2515-T70699.99", "taker_side": "no", "yes_price": 0.7, "no_price": 0.3, "count": 100.0}
{"trade_id": "cc69aff0-cf39-5392-3463-0f7600b803bb", "timestamp": "2026-03-25T18:08:36.417897Z", "ticker": "KXBTCD-26MAR2515-T70699.99", "taker_side": "no", "yes_price": 0.69, "no_price": 0.31, "count": 200.0}
{"trade_id": "40360240-d5b6-727c-cd9f-b6e1378f99c3", "timestamp": "2026-03-25T18:08:40.571692Z", "ticker": "KXBTCD-26MAR2515-T70699.99", "taker_side": "yes", "yes_price": 0.69, "no_price": 0.31, "count": 26.0}
{"trade_id": "bea4fe06-eed8-660c-037a-81a61b7bcb86", "timestamp": "2026-03-25T18:08:45.390759Z", "ticker": "KXBTCD-26MAR2515-T70699.99", "taker_side": "no", "yes_price": 0.68, "no_price": 0.32, "count": 4.0}
{"trade_id": "ae93e1a3-f9d2-4777-1176-1a052360c7c1", "timestamp": "2026-03-25T18:08:53.736106Z", "ticker": "KXBTCD-26MAR2515-T70699.99", "taker_side": "yes", "yes_price": 0.69, "no_price": 0.31, "count": 1.0}
{"trade_id": "d65c94a8-6ee7-58ed-d8d5-0d3d794aca44", "timestamp": "2026-03-25T18:08:59.766518Z", "ticker": "KXBTCD-26MAR2515-T70699.99", "taker_side": "yes", "yes_price": 0.69, "no_price": 0.31, "count": 1.0}
{"trade_id": "ca24cc70-172f-5b8b-e8ed-03cbcb05a19b", "timestamp": "2026-03-25T18:08:59.766518Z", "ticker": "KXBTCD-26MAR2515-T70699.99", "taker_side": "yes", "yes_price": 0.69, "no_price": 0.31, "count": 100.0}
{"trade_id": "35b4e47f-de66-5c5b-daef-eb4dbc113781", "timestamp": "2026-03-25T18:08:59.766518Z", "ticker": "KXBTCD-26MAR2515-T70699.99", "taker_side": "yes", "yes_price": 0.69, "no_price": 0.31, "count": 99.0}
{"trade_id": "2c1d97ed-da44-5362-f1b3-b0c3818ece5a", "timestamp": "2026-03-25T18:08:59.766518Z", "ticker": "KXBTCD-26MAR2515-T70699.99", "taker_side": "yes", "yes_price": 0.69, "no_price": 0.31, "count": 50.0}
{"trade_id": "fc5c594a-c7bd-6aa2-0a62-dd13107e3074", "timestamp": "2026-03-25T18:09:10.678333Z", "ticker": "KXBTCD-26MAR2515-T70699.99", "taker_side": "yes", "yes_price": 0.69, "no_price": 0.31, "count": 5.0}
{"trade_id": "aef744c2-4583-496e-211f-b4bd871398e3", "timestamp": "2026-03-25T18:09:11.780271Z", "ticker": "KXBTCD-26MAR2515-T70699.99", "taker_side": "no", "yes_price": 0.67, "no_price": 0.33, "count": 1.0}
{"trade_id": "685279aa-891e-45ce-242d-552eb38ad5eb", "timestamp": "2026-03-25T18:09:11.780271Z", "ticker": "KXBTCD-26MAR2515-T70699.99", "taker_side": "no", "yes_price": 0.67, "no_price": 0.33, "count": 3.0}
{"trade_id": "a615801e-de1b-7d56-7751-704825e85c16", "timestamp": "2026-03-25T18:09:30.58268Z", "ticker": "KXBTCD-26MAR2515-T70699.99", "taker_side": "no", "yes_price": 0.65, "no_price": 0.35, "count": 221.0}
{"trade_id": "7bd2e8dd-e0c8-62d2-74c5-317dfc98015d", "timestamp": "2026-03-25T18:09:37.883464Z", "ticker": "KXBTCD-26MAR2515-T70699.99", "taker_side": "yes", "yes_price": 0.68, "no_price": 0.32, "count": 50.0}
{"trade_id": "81baa574-8aba-5a2a-4d94-a64ba31fbc4a", "timestamp": "2026-03-25T18:09:41.470639Z", "ticker": "KXBTCD-26MAR2515-T70699.99", "taker_side": "no", "yes_price": 0.65, "no_price": 0.35, "count": 3.0}
{"trade_id": "299e74b6-885a-4040-dea7-dda57b17d6f7", "timestamp": "2026-03-25T18:09:45.985112Z", "ticker": "KXBTCD-26MAR2515-T70699.99", "taker_side": "yes", "yes_price": 0.69, "no_price": 0.31, "count": 21.0}
{"trade_id": "99b74d84-f08c-6b16-43e6-736e5234658a", "timestamp": "2026-03-25T18:09:47.759908Z", "ticker": "KXBTCD-26MAR2515-T70699.99", "taker_side": "yes", "yes_price": 0.69, "no_price": 0.31, "count": 25.0}
{"trade_id": "8b274102-31b4-4969-52d7-ee789fbcf140", "timestamp": "2026-03-25T18:10:14.110294Z", "ticker": "KXBTCD-26MAR2515-T70699.99", "taker_side": "yes", "yes_price": 0.69, "no_price": 0.31, "count": 1.0}
{"trade_id": "60f65728-abae-455f-7b5f-b86e4624a384", "timestamp": "2026-03-25T18:10:14.110294Z", "ticker": "KXBTCD-26MAR2515-T70699.99", "taker_side": "yes", "yes_price": 0.69, "no_price": 0.31, "count": 69.0}
{"trade_id": "bee7840e-4836-42bc-4fe1-68ddd72dc55a", "timestamp": "2026-03-25T18:10:18.550539Z", "ticker": "KXBTCD-26MAR2515-T70699.99", "taker_side": "yes", "yes_price": 0.69, "no_price": 0.31, "count": 19.0}
{"trade_id": "ad3db861-5d06-437b-7364-29d44e46b2e0", "timestamp": "2026-03-25T18:10:18.550539Z", "ticker": "KXBTCD-26MAR2515-T70699.99", "taker_side": "yes", "yes_price": 0.69, "no_price": 0.31, "count": 31.0}
{"trade_id": "f55b792a-4b96-71ce-3ef4-ba5b9dc888bc", "timestamp": "2026-03-25T18:10:36.470894Z", "ticker": "KXBTCD-26MAR2515-T70699.99", "taker_side": "yes", "yes_price": 0.71, "no_price": 0.29, "count": 1.0}
{"trade_id": "f49be2b7-3542-7865-3a45-324932ba8a06", "timestamp": "2026-03-25T18:10:36.470894Z", "ticker": "KXBTCD-26MAR2515-T70699.99", "taker_side": "yes", "yes_price": 0.72, "no_price": 0.28, "count": 48.0}
{"trade_id": "983c7cfd-5c64-7f2a-0fa4-8fc77b2f5ac8", "timestamp": "2026-03-25T18:10:36.470894Z", "ticker": "KXBTCD-26MAR2515-T70699.99", "taker_side": "yes", "yes_price": 0.7, "no_price": 0.3, "count": 4.0}
{"trade_id": "8940df5b-32aa-74d3-03f6-1ffc100212e2", "timestamp": "2026-03-25T18:10:36.470894Z", "ticker": "KXBTCD-26MAR2515-T70699.99", "taker_side": "yes", "yes_price": 0.71, "no_price": 0.29, "count": 20.0}
{"trade_id": "c326f680-6267-7407-87cd-5d6ddce92a68", "timestamp": "2026-03-25T18:10:43.316316Z", "ticker": "KXBTCD-26MAR2515-T70699.99", "taker_side": "yes", "yes_price": 0.73, "no_price": 0.27, "count": 14.0}
{"trade_id": "4cb01f36-bd6a-7b04-88e1-fb2e24ccecfa", "timestamp": "2026-03-25T18:10:43.316316Z", "ticker": "KXBTCD-26MAR2515-T70699.99", "taker_side": "yes", "yes_price": 0.73, "no_price": 0.27, "count": 36.0}
{"trade_id": "cfe0e5f2-e08f-42cb-c124-f0dcff4b2fe3", "timestamp": "2026-03-25T18:10:54.709793Z", "ticker": "KXBTCD-26MAR2515-T70699.99", "taker_side": "no", "yes_price": 0.74, "no_price": 0.26, "count": 1.0}
{"trade_id": "a50ee29a-9de8-44fe-de96-fc4a22b97998", "timestamp": "2026-03-25T18:10:54.709793Z", "ticker": "KXBTCD-26MAR2515-T70699.99", "taker_side": "no", "yes_price": 0.73, "no_price": 0.27, "count": 50.0}
{"trade_id": "3ae4c68a-7796-41cf-ddaf-bd821c34b622", "timestamp": "2026-03-25T18:10:54.709793Z", "ticker": "KXBTCD-26MAR2515-T70699.99", "taker_side": "no", "yes_price": 0.73, "no_price": 0.27, "count": 100.0}
{"trade_id": "2c3d9fe0-8f36-4696-de60-44c56f547f37", "timestamp": "2026-03-25T18:10:54.709793Z", "ticker": "KXBTCD-26MAR2515-T70699.99", "taker_side": "no", "yes_price": 0.73, "no_price": 0.27, "count": 100.0}
{"trade_id": "20c70ed1-d641-44ad-fe10-e80dbf840b44", "timestamp": "2026-03-25T18:10:54.709793Z", "ticker": "KXBTCD-26MAR2515-T70699.99", "taker_side": "no", "yes_price": 0.73, "no_price": 0.27, "count": 154.0}
{"trade_id": "dfa58867-40df-4151-4770-67307e869d7f", "timestamp": "2026-03-25T18:10:55.371657Z", "ticker": "KXBTCD-26MAR2515-T70699.99", "taker_side": "yes", "yes_price": 0.75, "no_price": 0.25, "count": 2.0}
{"trade_id": "fb8e39ff-4ac4-7e26-f771-2c6c6c5c298c", "timestamp": "2026-03-25T18:11:00.295489Z", "ticker": "KXBTCD-26MAR2515-T70699.99", "taker_side": "yes", "yes_price": 0.75, "no_price": 0.25, "count": 17.0}
{"trade_id": "18431310-a14b-7625-efb6-7c2cdcee5963", "timestamp": "2026-03-25T18:11:00.295489Z", "ticker": "KXBTCD-26MAR2515-T70699.99", "taker_side": "yes", "yes_price": 0.75, "no_price": 0.25, "count": 3.0}
{"trade_id": "ac876e63-7d45-47ba-07d1-cf8fb8baced1", "timestamp": "2026-03-25T18:11:02.400336Z", "ticker": "KXBTCD-26MAR2515-T70699.99", "taker_side": "no", "yes_price": 0.73, "no_price": 0.27, "count": 100.0}
{"trade_id": "45d99b81-62ba-46c0-2fea-4239cbd608b3", "timestamp": "2026-03-25T18:11:02.400336Z", "ticker": "KXBTCD-26MAR2515-T70699.99", "taker_side": "no", "yes_price": 0.73, "no_price": 0.27, "count": 1000.0}
{"trade_id": "b40ae0cb-3f01-6d39-920f-a1198af4edc2", "timestamp": "2026-03-25T18:11:16.656776Z", "ticker": "KXBTCD-26MAR2515-T70699.99", "taker_side": "no", "yes_price": 0.76, "no_price": 0.24, "count": 5.0}
{"trade_id": "f4add34b-52f7-61a5-9a7f-b8406e83c176", "timestamp": "2026-03-25T18:11:20.940215Z", "ticker": "KXBTCD-26MAR2515-T70699.99", "taker_side": "no", "yes_price": 0.76, "no_price": 0.24, "count": 19.0}
{"trade_id": "870e5692-2b0b-79f9-6020-b7f0caa1677a", "timestamp": "2026-03-25T18:11:26.920611Z", "ticker": "KXBTCD-26MAR2515-T70699.99", "taker_side": "yes", "yes_price": 0.76, "no_price": 0.24, "count": 12.0}
{"trade_id": "c51d75d6-496f-5c9a-3740-88494e83ca55", "timestamp": "2026-03-25T18:11:38.363516Z", "ticker": "KXBTCD-26MAR2515-T70699.99", "taker_side": "yes", "yes_price": 0.73, "no_price": 0.27, "count": 1.0}
{"trade_id": "4e7fc23a-de12-5592-289d-53b00a101792", "timestamp": "2026-03-25T18:11:38.363516Z", "ticker": "KXBTCD-26MAR2515-T70699.99", "taker_side": "yes", "yes_price": 0.73, "no_price": 0.27, "count": 20.0}
{"trade_id": "2d10be6f-8534-585e-36ff-acd42f3216e9", "timestamp": "2026-03-25T18:11:38.363516Z", "ticker": "KXBTCD-26MAR2515-T70699.99", "taker_side": "yes", "yes_price": 0.74, "no_price": 0.26, "count": 227.0}
{"trade_id": "ee5292d8-6bd8-6ba6-1e5d-1491100f5671", "timestamp": "2026-03-25T18:11:50.942574Z", "ticker": "KXBTCD-26MAR2515-T70699.99", "taker_side": "yes", "yes_price": 0.74, "no_price": 0.26, "count": 1309.0}
{"trade_id": "ad095bc0-ff90-70a6-e83e-936c3fd866d9", "timestamp": "2026-03-25T18:11:54.0318Z", "ticker": "KXBTCD-26MAR2515-T70699.99", "taker_side": "yes", "yes_price": 0.74, "no_price": 0.26, "count": 8.0}
{"trade_id": "6f10ce37-4022-585a-f981-6a2f38214c30", "timestamp": "2026-03-25T18:11:56.580444Z", "ticker": "KXBTCD-26MAR2515-T70699.99", "taker_side": "no", "yes_price": 0.72, "no_price": 0.28, "count": 1.0}
{"trade_id": "e7e09891-2878-4ec2-d188-515ce520fca9", "timestamp": "2026-03-25T18:12:59.260904Z", "ticker": "KXBTCD-26MAR2515-T70699.99", "taker_side": "yes", "yes_price": 0.73, "no_price": 0.27, "count": 466.0}
{"trade_id": "4cf6f9d7-6642-444e-cfc0-f2e9fed07fed", "timestamp": "2026-03-25T18:12:59.260904Z", "ticker": "KXBTCD-26MAR2515-T70699.99", "taker_side": "yes", "yes_price": 0.73, "no_price": 0.27, "count": 100.0}
{"trade_id": "10acb31b-042a-4830-c008-0207ac7bd92c", "timestamp": "2026-03-25T18:12:59.260904Z", "ticker": "KXBTCD-26MAR2515-T70699.99", "taker_side": "yes", "yes_price": 0.73, "no_price": 0.27, "count": 100.0}
{"trade_id": "ce04e359-8ba4-5fd8-3723-d9a192113336", "timestamp": "2026-03-25T18:13:03.313107Z", "ticker": "KXBTCD-26MAR2515-T70699.99", "taker_side": "yes", "yes_price": 0.72, "no_price": 0.28, "count": 2.0}
{"trade_id": "a208b6e3-25b3-5aba-9f2a-56ef704bf296", "timestamp": "2026-03-25T18:13:18.048201Z", "ticker": "KXBTCD-26MAR2515-T70699.99", "taker_side": "no", "yes_price": 0.71, "no_price": 0.29, "count": 83.0}
{"trade_id": "58d3bcdb-f097-5a35-aba1-d273eadf2411", "timestamp": "2026-03-25T18:13:18.048201Z", "ticker": "KXBTCD-26MAR2515-T70699.99", "taker_side": "no", "yes_price": 0.72, "no_price": 0.28, "count": 1.0}
{"trade_id": "b484c4c8-3799-584e-02eb-9b7de940c9fd", "timestamp": "2026-03-25T18:13:19.945159Z", "ticker": "KXBTCD-26MAR2515-T70699.99", "taker_side": "no", "yes_price": 0.72, "no_price": 0.28, "count": 100.0}
{"trade_id": "2da9a4a1-d296-5a63-2617-d13d913a410b", "timestamp": "2026-03-25T18:13:19.945159Z", "ticker": "KXBTCD-26MAR2515-T70699.99", "taker_side": "no", "yes_price": 0.72, "no_price": 0.28, "count": 93.0}
{"trade_id": "3a7b9dc9-a6e8-6286-b869-3d5fcd7fd449", "timestamp": "2026-03-25T18:13:22.406693Z", "ticker": "KXBTCD-26MAR2515-T70699.99", "taker_side": "yes", "yes_price": 0.74, "no_price": 0.26, "count": 860.0}
{"trade_id": "29b2d41d-be91-609e-9a7c-3c115582de7b", "timestamp": "2026-03-25T18:13:22.406693Z", "ticker": "KXBTCD-26MAR2515-T70699.99", "taker_side": "yes", "yes_price": 0.74, "no_price": 0.26, "count": 1.0}
{"trade_id": "4c43db61-e419-41f7-5120-359e4be6cd42", "timestamp": "2026-03-25T18:13:27.073375Z", "ticker": "KXBTCD-26MAR2515-T70699.99", "taker_side": "yes", "yes_price": 0.73, "no_price": 0.27, "count": 93.0}
{"trade_id": "3dc8eee4-74bc-4547-63df-8f006ee2b512", "timestamp": "2026-03-25T18:13:27.073375Z", "ticker": "KXBTCD-26MAR2515-T70699.99", "taker_side": "yes", "yes_price": 0.73, "no_price": 0.27, "count": 100.0}
{"trade_id": "facd8557-f8b6-79f2-70d9-d1e7a0600117", "timestamp": "2026-03-25T18:13:46.070331Z", "ticker": "KXBTCD-26MAR2515-T70699.99", "taker_side": "yes", "yes_price": 0.74, "no_price": 0.26, "count": 250.0}
{"trade_id": "e73ac674-8e56-712d-6fd2-243c084621be", "timestamp": "2026-03-25T18:13:46.070331Z", "ticker": "KXBTCD-26MAR2515-T70699.99", "taker_side": "yes", "yes_price": 0.74, "no_price": 0.26, "count": 100.0}
{"trade_id": "3dd743c8-d7d4-70ba-71bf-917c203daa34", "timestamp": "2026-03-25T18:13:46.070331Z", "ticker": "KXBTCD-26MAR2515-T70699.99", "taker_side": "yes", "yes_price": 0.74, "no_price": 0.26, "count": 100.0}
{"trade_id": "48970478-31e3-7890-8e82-b481a22400ef", "timestamp": "2026-03-25T18:13:52.290896Z", "ticker": "KXBTCD-26MAR2515-T70699.99", "taker_side": "no", "yes_price": 0.73, "no_price": 0.27, "count": 16.0}
{"trade_id": "b2377ff3-9df1-7037-4fb1-db15df7659e4", "timestamp": "2026-03-25T18:14:01.886915Z", "ticker": "KXBTCD-26MAR2515-T70699.99", "taker_side": "no", "yes_price": 0.72, "no_price": 0.28, "count": 1.0}
{"trade_id": "941e4b92-07cc-7ad2-4af5-0cd7ad2e49d5", "timestamp": "2026-03-25T18:14:01.886915Z", "ticker": "KXBTCD-26MAR2515-T70699.99", "taker_side": "no", "yes_price": 0.72, "no_price": 0.28, "count": 15.0}
{"trade_id": "6ac63a31-9016-646f-6c58-0fe8eb0313c3", "timestamp": "2026-03-25T18:14:06.60698Z", "ticker": "KXBTCD-26MAR2515-T70699.99", "taker_side": "yes", "yes_price": 0.73, "no_price": 0.27, "count": 1.0}
{"trade_id": "d2cd09d9-ca57-4111-cdf8-51a541d84a7e", "timestamp": "2026-03-25T18:14:35.436394Z", "ticker": "KXBTCD-26MAR2515-T70699.99", "taker_side": "yes", "yes_price": 0.75, "no_price": 0.25, "count": 350.0}
{"trade_id": "be45e67f-50ec-4b7a-cf71-abc463be7f55", "timestamp": "2026-03-25T18:14:35.436394Z", "ticker": "KXBTCD-26MAR2515-T70699.99", "taker_side": "yes", "yes_price": 0.75, "no_price": 0.25, "count": 444.0}
{"trade_id": "0b1934e9-a421-456b-db65-8a660781b174", "timestamp": "2026-03-25T18:14:35.436394Z", "ticker": "KXBTCD-26MAR2515-T70699.99", "taker_side": "yes", "yes_price": 0.75, "no_price": 0.25, "count": 1.0}
{"trade_id": "0a689ea1-9f4f-4a0b-f4d3-26e0b92f5bea", "timestamp": "2026-03-25T18:14:35.436394Z", "ticker": "KXBTCD-26MAR2515-T70699.99", "taker_side": "yes", "yes_price": 0.75, "no_price": 0.25, "count": 205.0}
{"trade_id": "addc4c2c-a16b-7ee7-8673-6120a0ca1956", "timestamp": "2026-03-25T18:14:35.036302Z", "ticker": "KXBTCD-26MAR2515-T70699.99", "taker_side": "yes", "yes_price": 0.75, "no_price": 0.25, "count": 5.0}
{"trade_id": "6c2dd3b3-5c1b-6f97-acd0-24e31724288a", "timestamp": "2026-03-25T18:14:32.865807Z", "ticker": "KXBTCD-26MAR2515-T70699.99", "taker_side": "yes", "yes_price": 0.75, "no_price": 0.25, "count": 40.0}
{"trade_id": "5e7c5888-5ec5-6f85-47ec-a3116cb98d37", "timestamp": "2026-03-25T18:14:29.220057Z", "ticker": "KXBTCD-26MAR2515-T70699.99", "taker_side": "yes", "yes_price": 0.76, "no_price": 0.24, "count": 25.0}
{"trade_id": "0c4b6766-c215-6927-432c-ca21958f5ae4", "timestamp": "2026-03-25T18:14:17.8807Z", "ticker": "KXBTCD-26MAR2515-T70699.99", "taker_side": "yes", "yes_price": 0.75, "no_price": 0.25, "count": 25.0}
{"trade_id": "6ac63a31-9016-646f-6c58-0fe8eb0313c3", "timestamp": "2026-03-25T18:14:06.60698Z", "ticker": "KXBTCD-26MAR2515-T70699.99", "taker_side": "yes", "yes_price": 0.73, "no_price": 0.27, "count": 1.0}
{"trade_id": "b2377ff3-9df1-7037-4fb1-db15df7659e4", "timestamp": "2026-03-25T18:14:01.886915Z", "ticker": "KXBTCD-26MAR2515-T70699.99", "taker_side": "no", "yes_price": 0.72, "no_price": 0.28, "count": 1.0}
{"trade_id": "941e4b92-07cc-7ad2-4af5-0cd7ad2e49d5", "timestamp": "2026-03-25T18:14:01.886915Z", "ticker": "KXBTCD-26MAR2515-T70699.99", "taker_side": "no", "yes_price": 0.72, "no_price": 0.28, "count": 15.0}
{"trade_id": "48970478-31e3-7890-8e82-b481a22400ef", "timestamp": "2026-03-25T18:13:52.290896Z", "ticker": "KXBTCD-26MAR2515-T70699.99", "taker_side": "no", "yes_price": 0.73, "no_price": 0.27, "count": 16.0}
{"trade_id": "facd8557-f8b6-79f2-70d9-d1e7a0600117", "timestamp": "2026-03-25T18:13:46.070331Z", "ticker": "KXBTCD-26MAR2515-T70699.99", "taker_side": "yes", "yes_price": 0.74, "no_price": 0.26, "count": 250.0}
{"trade_id": "e73ac674-8e56-712d-6fd2-243c084621be", "timestamp": "2026-03-25T18:13:46.070331Z", "ticker": "KXBTCD-26MAR2515-T70699.99", "taker_side": "yes", "yes_price": 0.74, "no_price": 0.26, "count": 100.0}
{"trade_id": "3dd743c8-d7d4-70ba-71bf-917c203daa34", "timestamp": "2026-03-25T18:13:46.070331Z", "ticker": "KXBTCD-26MAR2515-T70699.99", "taker_side": "yes", "yes_price": 0.74, "no_price": 0.26, "count": 100.0}
{"trade_id": "4c43db61-e419-41f7-5120-359e4be6cd42", "timestamp": "2026-03-25T18:13:27.073375Z", "ticker": "KXBTCD-26MAR2515-T70699.99", "taker_side": "yes", "yes_price": 0.73, "no_price": 0.27, "count": 93.0}
{"trade_id": "3dc8eee4-74bc-4547-63df-8f006ee2b512", "timestamp": "2026-03-25T18:13:27.073375Z", "ticker": "KXBTCD-26MAR2515-T70699.99", "taker_side": "yes", "yes_price": 0.73, "no_price": 0.27, "count": 100.0}
{"trade_id": "3a7b9dc9-a6e8-6286-b869-3d5fcd7fd449", "timestamp": "2026-03-25T18:13:22.406693Z", "ticker": "KXBTCD-26MAR2515-T70699.99", "taker_side": "yes", "yes_price": 0.74, "no_price": 0.26, "count": 860.0}
{"trade_id": "29b2d41d-be91-609e-9a7c-3c115582de7b", "timestamp": "2026-03-25T18:13:22.406693Z", "ticker": "KXBTCD-26MAR2515-T70699.99", "taker_side": "yes", "yes_price": 0.74, "no_price": 0.26, "count": 1.0}
{"trade_id": "b484c4c8-3799-584e-02eb-9b7de940c9fd", "timestamp": "2026-03-25T18:13:19.945159Z", "ticker": "KXBTCD-26MAR2515-T70699.99", "taker_side": "no", "yes_price": 0.72, "no_price": 0.28, "count": 100.0}
{"trade_id": "2da9a4a1-d296-5a63-2617-d13d913a410b", "timestamp": "2026-03-25T18:13:19.945159Z", "ticker": "KXBTCD-26MAR2515-T70699.99", "taker_side": "no", "yes_price": 0.72, "no_price": 0.28, "count": 93.0}
{"trade_id": "a208b6e3-25b3-5aba-9f2a-56ef704bf296", "timestamp": "2026-03-25T18:13:18.048201Z", "ticker": "KXBTCD-26MAR2515-T70699.99", "taker_side": "no", "yes_price": 0.71, "no_price": 0.29, "count": 83.0}
{"trade_id": "58d3bcdb-f097-5a35-aba1-d273eadf2411", "timestamp": "2026-03-25T18:13:18.048201Z", "ticker": "KXBTCD-26MAR2515-T70699.99", "taker_side": "no", "yes_price": 0.72, "no_price": 0.28, "count": 1.0}
{"trade_id": "ce04e359-8ba4-5fd8-3723-d9a192113336", "timestamp": "2026-03-25T18:13:03.313107Z", "ticker": "KXBTCD-26MAR2515-T70699.99", "taker_side": "yes", "yes_price": 0.72, "no_price": 0.28, "count": 2.0}
{"trade_id": "e7e09891-2878-4ec2-d188-515ce520fca9", "timestamp": "2026-03-25T18:12:59.260904Z", "ticker": "KXBTCD-26MAR2515-T70699.99", "taker_side": "yes", "yes_price": 0.73, "no_price": 0.27, "count": 466.0}
{"trade_id": "4cf6f9d7-6642-444e-cfc0-f2e9fed07fed", "timestamp": "2026-03-25T18:12:59.260904Z", "ticker": "KXBTCD-26MAR2515-T70699.99", "taker_side": "yes", "yes_price": 0.73, "no_price": 0.27, "count": 100.0}
{"trade_id": "10acb31b-042a-4830-c008-0207ac7bd92c", "timestamp": "2026-03-25T18:12:59.260904Z", "ticker": "KXBTCD-26MAR2515-T70699.99", "taker_side": "yes", "yes_price": 0.73, "no_price": 0.27, "count": 100.0}
{"trade_id": "6f10ce37-4022-585a-f981-6a2f38214c30", "timestamp": "2026-03-25T18:11:56.580444Z", "ticker": "KXBTCD-26MAR2515-T70699.99", "taker_side": "no", "yes_price": 0.72, "no_price": 0.28, "count": 1.0}
{"trade_id": "ad095bc0-ff90-70a6-e83e-936c3fd866d9", "timestamp": "2026-03-25T18:11:54.0318Z", "ticker": "KXBTCD-26MAR2515-T70699.99", "taker_side": "yes", "yes_price": 0.74, "no_price": 0.26, "count": 8.0}
{"trade_id": "ee5292d8-6bd8-6ba6-1e5d-1491100f5671", "timestamp": "2026-03-25T18:11:50.942574Z", "ticker": "KXBTCD-26MAR2515-T70699.99", "taker_side": "yes", "yes_price": 0.74, "no_price": 0.26, "count": 1309.0}
{"trade_id": "c51d75d6-496f-5c9a-3740-88494e83ca55", "timestamp": "2026-03-25T18:11:38.363516Z", "ticker": "KXBTCD-26MAR2515-T70699.99", "taker_side": "yes", "yes_price": 0.73, "no_price": 0.27, "count": 1.0}
{"trade_id": "4e7fc23a-de12-5592-289d-53b00a101792", "timestamp": "2026-03-25T18:11:38.363516Z", "ticker": "KXBTCD-26MAR2515-T70699.99", "taker_side": "yes", "yes_price": 0.73, "no_price": 0.27, "count": 20.0}
{"trade_id": "2d10be6f-8534-585e-36ff-acd42f3216e9", "timestamp": "2026-03-25T18:11:38.363516Z", "ticker": "KXBTCD-26MAR2515-T70699.99", "taker_side": "yes", "yes_price": 0.74, "no_price": 0.26, "count": 227.0}
{"trade_id": "870e5692-2b0b-79f9-6020-b7f0caa1677a", "timestamp": "2026-03-25T18:11:26.920611Z", "ticker": "KXBTCD-26MAR2515-T70699.99", "taker_side": "yes", "yes_price": 0.76, "no_price": 0.24, "count": 12.0}
{"trade_id": "f4add34b-52f7-61a5-9a7f-b8406e83c176", "timestamp": "2026-03-25T18:11:20.940215Z", "ticker": "KXBTCD-26MAR2515-T70699.99", "taker_side": "no", "yes_price": 0.76, "no_price": 0.24, "count": 19.0}
{"trade_id": "b40ae0cb-3f01-6d39-920f-a1198af4edc2", "timestamp": "2026-03-25T18:11:16.656776Z", "ticker": "KXBTCD-26MAR2515-T70699.99", "taker_side": "no", "yes_price": 0.76, "no_price": 0.24, "count": 5.0}
{"trade_id": "ac876e63-7d45-47ba-07d1-cf8fb8baced1", "timestamp": "2026-03-25T18:11:02.400336Z", "ticker": "KXBTCD-26MAR2515-T70699.99", "taker_side": "no", "yes_price": 0.73, "no_price": 0.27, "count": 100.0}
{"trade_id": "45d99b81-62ba-46c0-2fea-4239cbd608b3", "timestamp": "2026-03-25T18:11:02.400336Z", "ticker": "KXBTCD-26MAR2515-T70699.99", "taker_side": "no", "yes_price": 0.73, "no_price": 0.27, "count": 1000.0}
{"trade_id": "fb8e39ff-4ac4-7e26-f771-2c6c6c5c298c", "timestamp": "2026-03-25T18:11:00.295489Z", "ticker": "KXBTCD-26MAR2515-T70699.99", "taker_side": "yes", "yes_price": 0.75, "no_price": 0.25, "count": 17.0}
{"trade_id": "18431310-a14b-7625-efb6-7c2cdcee5963", "timestamp": "2026-03-25T18:11:00.295489Z", "ticker": "KXBTCD-26MAR2515-T70699.99", "taker_side": "yes", "yes_price": 0.75, "no_price": 0.25, "count": 3.0}
{"trade_id": "dfa58867-40df-4151-4770-67307e869d7f", "timestamp": "2026-03-25T18:10:55.371657Z", "ticker": "KXBTCD-26MAR2515-T70699.99", "taker_side": "yes", "yes_price": 0.75, "no_price": 0.25, "count": 2.0}
{"trade_id": "cfe0e5f2-e08f-42cb-c124-f0dcff4b2fe3", "timestamp": "2026-03-25T18:10:54.709793Z", "ticker": "KXBTCD-26MAR2515-T70699.99", "taker_side": "no", "yes_price": 0.74, "no_price": 0.26, "count": 1.0}
{"trade_id": "a50ee29a-9de8-44fe-de96-fc4a22b97998", "timestamp": "2026-03-25T18:10:54.709793Z", "ticker": "KXBTCD-26MAR2515-T70699.99", "taker_side": "no", "yes_price": 0.73, "no_price": 0.27, "count": 50.0}
{"trade_id": "3ae4c68a-7796-41cf-ddaf-bd821c34b622", "timestamp": "2026-03-25T18:10:54.709793Z", "ticker": "KXBTCD-26MAR2515-T70699.99", "taker_side": "no", "yes_price": 0.73, "no_price": 0.27, "count": 100.0}
{"trade_id": "2c3d9fe0-8f36-4696-de60-44c56f547f37", "timestamp": "2026-03-25T18:10:54.709793Z", "ticker": "KXBTCD-26MAR2515-T70699.99", "taker_side": "no", "yes_price": 0.73, "no_price": 0.27, "count": 100.0}
{"trade_id": "20c70ed1-d641-44ad-fe10-e80dbf840b44", "timestamp": "2026-03-25T18:10:54.709793Z", "ticker": "KXBTCD-26MAR2515-T70699.99", "taker_side": "no", "yes_price": 0.73, "no_price": 0.27, "count": 154.0}
{"trade_id": "c326f680-6267-7407-87cd-5d6ddce92a68", "timestamp": "2026-03-25T18:10:43.316316Z", "ticker": "KXBTCD-26MAR2515-T70699.99", "taker_side": "yes", "yes_price": 0.73, "no_price": 0.27, "count": 14.0}
{"trade_id": "4cb01f36-bd6a-7b04-88e1-fb2e24ccecfa", "timestamp": "2026-03-25T18:10:43.316316Z", "ticker": "KXBTCD-26MAR2515-T70699.99", "taker_side": "yes", "yes_price": 0.73, "no_price": 0.27, "count": 36.0}
{"trade_id": "f55b792a-4b96-71ce-3ef4-ba5b9dc888bc", "timestamp": "2026-03-25T18:10:36.470894Z", "ticker": "KXBTCD-26MAR2515-T70699.99", "taker_side": "yes", "yes_price": 0.71, "no_price": 0.29, "count": 1.0}
{"trade_id": "f49be2b7-3542-7865-3a45-324932ba8a06", "timestamp": "2026-03-25T18:10:36.470894Z", "ticker": "KXBTCD-26MAR2515-T70699.99", "taker_side": "yes", "yes_price": 0.72, "no_price": 0.28, "count": 48.0}
{"trade_id": "e740afb2-92c5-693d-1e35-aef84d85be53", "timestamp": "2026-03-25T18:14:44.504562Z", "ticker": "KXBTCD-26MAR2515-T70699.99", "taker_side": "yes", "yes_price": 0.76, "no_price": 0.24, "count": 175.0}
{"trade_id": "cfe0bdf2-de4b-6139-15d3-28c0f6b2d2f3", "timestamp": "2026-03-25T18:14:44.504562Z", "ticker": "KXBTCD-26MAR2515-T70699.99", "taker_side": "yes", "yes_price": 0.76, "no_price": 0.24, "count": 75.0}
{"trade_id": "d2cd09d9-ca57-4111-cdf8-51a541d84a7e", "timestamp": "2026-03-25T18:14:35.436394Z", "ticker": "KXBTCD-26MAR2515-T70699.99", "taker_side": "yes", "yes_price": 0.75, "no_price": 0.25, "count": 350.0}
{"trade_id": "be45e67f-50ec-4b7a-cf71-abc463be7f55", "timestamp": "2026-03-25T18:14:35.436394Z", "ticker": "KXBTCD-26MAR2515-T70699.99", "taker_side": "yes", "yes_price": 0.75, "no_price": 0.25, "count": 444.0}
{"trade_id": "0b1934e9-a421-456b-db65-8a660781b174", "timestamp": "2026-03-25T18:14:35.436394Z", "ticker": "KXBTCD-26MAR2515-T70699.99", "taker_side": "yes", "yes_price": 0.75, "no_price": 0.25, "count": 1.0}
{"trade_id": "0a689ea1-9f4f-4a0b-f4d3-26e0b92f5bea", "timestamp": "2026-03-25T18:14:35.436394Z", "ticker": "KXBTCD-26MAR2515-T70699.99", "taker_side": "yes", "yes_price": 0.75, "no_price": 0.25, "count": 205.0}
{"trade_id": "addc4c2c-a16b-7ee7-8673-6120a0ca1956", "timestamp": "2026-03-25T18:14:35.036302Z", "ticker": "KXBTCD-26MAR2515-T70699.99", "taker_side": "yes", "yes_price": 0.75, "no_price": 0.25, "count": 5.0}
{"trade_id": "6c2dd3b3-5c1b-6f97-acd0-24e31724288a", "timestamp": "2026-03-25T18:14:32.865807Z", "ticker": "KXBTCD-26MAR2515-T70699.99", "taker_side": "yes", "yes_price": 0.75, "no_price": 0.25, "count": 40.0}
{"trade_id": "5e7c5888-5ec5-6f85-47ec-a3116cb98d37", "timestamp": "2026-03-25T18:14:29.220057Z", "ticker": "KXBTCD-26MAR2515-T70699.99", "taker_side": "yes", "yes_price": 0.76, "no_price": 0.24, "count": 25.0}
{"trade_id": "0c4b6766-c215-6927-432c-ca21958f5ae4", "timestamp": "2026-03-25T18:14:17.8807Z", "ticker": "KXBTCD-26MAR2515-T70699.99", "taker_side": "yes", "yes_price": 0.75, "no_price": 0.25, "count": 25.0}
{"trade_id": "6ac63a31-9016-646f-6c58-0fe8eb0313c3", "timestamp": "2026-03-25T18:14:06.60698Z", "ticker": "KXBTCD-26MAR2515-T70699.99", "taker_side": "yes", "yes_price": 0.73, "no_price": 0.27, "count": 1.0}
{"trade_id": "b2377ff3-9df1-7037-4fb1-db15df7659e4", "timestamp": "2026-03-25T18:14:01.886915Z", "ticker": "KXBTCD-26MAR2515-T70699.99", "taker_side": "no", "yes_price": 0.72, "no_price": 0.28, "count": 1.0}
{"trade_id": "941e4b92-07cc-7ad2-4af5-0cd7ad2e49d5", "timestamp": "2026-03-25T18:14:01.886915Z", "ticker": "KXBTCD-26MAR2515-T70699.99", "taker_side": "no", "yes_price": 0.72, "no_price": 0.28, "count": 15.0}
{"trade_id": "48970478-31e3-7890-8e82-b481a22400ef", "timestamp": "2026-03-25T18:13:52.290896Z", "ticker": "KXBTCD-26MAR2515-T70699.99", "taker_side": "no", "yes_price": 0.73, "no_price": 0.27, "count": 16.0}
{"trade_id": "facd8557-f8b6-79f2-70d9-d1e7a0600117", "timestamp": "2026-03-25T18:13:46.070331Z", "ticker": "KXBTCD-26MAR2515-T70699.99", "taker_side": "yes", "yes_price": 0.74, "no_price": 0.26, "count": 250.0}
{"trade_id": "e73ac674-8e56-712d-6fd2-243c084621be", "timestamp": "2026-03-25T18:13:46.070331Z", "ticker": "KXBTCD-26MAR2515-T70699.99", "taker_side": "yes", "yes_price": 0.74, "no_price": 0.26, "count": 100.0}
{"trade_id": "3dd743c8-d7d4-70ba-71bf-917c203daa34", "timestamp": "2026-03-25T18:13:46.070331Z", "ticker": "KXBTCD-26MAR2515-T70699.99", "taker_side": "yes", "yes_price": 0.74, "no_price": 0.26, "count": 100.0}
{"trade_id": "4c43db61-e419-41f7-5120-359e4be6cd42", "timestamp": "2026-03-25T18:13:27.073375Z", "ticker": "KXBTCD-26MAR2515-T70699.99", "taker_side": "yes", "yes_price": 0.73, "no_price": 0.27, "count": 93.0}
{"trade_id": "3dc8eee4-74bc-4547-63df-8f006ee2b512", "timestamp": "2026-03-25T18:13:27.073375Z", "ticker": "KXBTCD-26MAR2515-T70699.99", "taker_side": "yes", "yes_price": 0.73, "no_price": 0.27, "count": 100.0}
{"trade_id": "3a7b9dc9-a6e8-6286-b869-3d5fcd7fd449", "timestamp": "2026-03-25T18:13:22.406693Z", "ticker": "KXBTCD-26MAR2515-T70699.99", "taker_side": "yes", "yes_price": 0.74, "no_price": 0.26, "count": 860.0}
{"trade_id": "29b2d41d-be91-609e-9a7c-3c115582de7b", "timestamp": "2026-03-25T18:13:22.406693Z", "ticker": "KXBTCD-26MAR2515-T70699.99", "taker_side": "yes", "yes_price": 0.74, "no_price": 0.26, "count": 1.0}
{"trade_id": "b484c4c8-3799-584e-02eb-9b7de940c9fd", "timestamp": "2026-03-25T18:13:19.945159Z", "ticker": "KXBTCD-26MAR2515-T70699.99", "taker_side": "no", "yes_price": 0.72, "no_price": 0.28, "count": 100.0}
{"trade_id": "2da9a4a1-d296-5a63-2617-d13d913a410b", "timestamp": "2026-03-25T18:13:19.945159Z", "ticker": "KXBTCD-26MAR2515-T70699.99", "taker_side": "no", "yes_price": 0.72, "no_price": 0.28, "count": 93.0}
{"trade_id": "a208b6e3-25b3-5aba-9f2a-56ef704bf296", "timestamp": "2026-03-25T18:13:18.048201Z", "ticker": "KXBTCD-26MAR2515-T70699.99", "taker_side": "no", "yes_price": 0.71, "no_price": 0.29, "count": 83.0}
{"trade_id": "58d3bcdb-f097-5a35-aba1-d273eadf2411", "timestamp": "2026-03-25T18:13:18.048201Z", "ticker": "KXBTCD-26MAR2515-T70699.99", "taker_side": "no", "yes_price": 0.72, "no_price": 0.28, "count": 1.0}
{"trade_id": "ce04e359-8ba4-5fd8-3723-d9a192113336", "timestamp": "2026-03-25T18:13:03.313107Z", "ticker": "KXBTCD-26MAR2515-T70699.99", "taker_side": "yes", "yes_price": 0.72, "no_price": 0.28, "count": 2.0}
{"trade_id": "e7e09891-2878-4ec2-d188-515ce520fca9", "timestamp": "2026-03-25T18:12:59.260904Z", "ticker": "KXBTCD-26MAR2515-T70699.99", "taker_side": "yes", "yes_price": 0.73, "no_price": 0.27, "count": 466.0}
{"trade_id": "4cf6f9d7-6642-444e-cfc0-f2e9fed07fed", "timestamp": "2026-03-25T18:12:59.260904Z", "ticker": "KXBTCD-26MAR2515-T70699.99", "taker_side": "yes", "yes_price": 0.73, "no_price": 0.27, "count": 100.0}
{"trade_id": "10acb31b-042a-4830-c008-0207ac7bd92c", "timestamp": "2026-03-25T18:12:59.260904Z", "ticker": "KXBTCD-26MAR2515-T70699.99", "taker_side": "yes", "yes_price": 0.73, "no_price": 0.27, "count": 100.0}
{"trade_id": "6f10ce37-4022-585a-f981-6a2f38214c30", "timestamp": "2026-03-25T18:11:56.580444Z", "ticker": "KXBTCD-26MAR2515-T70699.99", "taker_side": "no", "yes_price": 0.72, "no_price": 0.28, "count": 1.0}
{"trade_id": "ad095bc0-ff90-70a6-e83e-936c3fd866d9", "timestamp": "2026-03-25T18:11:54.0318Z", "ticker": "KXBTCD-26MAR2515-T70699.99", "taker_side": "yes", "yes_price": 0.74, "no_price": 0.26, "count": 8.0}
{"trade_id": "ee5292d8-6bd8-6ba6-1e5d-1491100f5671", "timestamp": "2026-03-25T18:11:50.942574Z", "ticker": "KXBTCD-26MAR2515-T70699.99", "taker_side": "yes", "yes_price": 0.74, "no_price": 0.26, "count": 1309.0}
{"trade_id": "c51d75d6-496f-5c9a-3740-88494e83ca55", "timestamp": "2026-03-25T18:11:38.363516Z", "ticker": "KXBTCD-26MAR2515-T70699.99", "taker_side": "yes", "yes_price": 0.73, "no_price": 0.27, "count": 1.0}
{"trade_id": "4e7fc23a-de12-5592-289d-53b00a101792", "timestamp": "2026-03-25T18:11:38.363516Z", "ticker": "KXBTCD-26MAR2515-T70699.99", "taker_side": "yes", "yes_price": 0.73, "no_price": 0.27, "count": 20.0}
{"trade_id": "2d10be6f-8534-585e-36ff-acd42f3216e9", "timestamp": "2026-03-25T18:11:38.363516Z", "ticker": "KXBTCD-26MAR2515-T70699.99", "taker_side": "yes", "yes_price": 0.74, "no_price": 0.26, "count": 227.0}
{"trade_id": "870e5692-2b0b-79f9-6020-b7f0caa1677a", "timestamp": "2026-03-25T18:11:26.920611Z", "ticker": "KXBTCD-26MAR2515-T70699.99", "taker_side": "yes", "yes_price": 0.76, "no_price": 0.24, "count": 12.0}
{"trade_id": "f4add34b-52f7-61a5-9a7f-b8406e83c176", "timestamp": "2026-03-25T18:11:20.940215Z", "ticker": "KXBTCD-26MAR2515-T70699.99", "taker_side": "no", "yes_price": 0.76, "no_price": 0.24, "count": 19.0}
{"trade_id": "b40ae0cb-3f01-6d39-920f-a1198af4edc2", "timestamp": "2026-03-25T18:11:16.656776Z", "ticker": "KXBTCD-26MAR2515-T70699.99", "taker_side": "no", "yes_price": 0.76, "no_price": 0.24, "count": 5.0}
{"trade_id": "ac876e63-7d45-47ba-07d1-cf8fb8baced1", "timestamp": "2026-03-25T18:11:02.400336Z", "ticker": "KXBTCD-26MAR2515-T70699.99", "taker_side": "no", "yes_price": 0.73, "no_price": 0.27, "count": 100.0}
{"trade_id": "45d99b81-62ba-46c0-2fea-4239cbd608b3", "timestamp": "2026-03-25T18:11:02.400336Z", "ticker": "KXBTCD-26MAR2515-T70699.99", "taker_side": "no", "yes_price": 0.73, "no_price": 0.27, "count": 1000.0}
{"trade_id": "fb8e39ff-4ac4-7e26-f771-2c6c6c5c298c", "timestamp": "2026-03-25T18:11:00.295489Z", "ticker": "KXBTCD-26MAR2515-T70699.99", "taker_side": "yes", "yes_price": 0.75, "no_price": 0.25, "count": 17.0}
{"trade_id": "18431310-a14b-7625-efb6-7c2cdcee5963", "timestamp": "2026-03-25T18:11:00.295489Z", "ticker": "KXBTCD-26MAR2515-T70699.99", "taker_side": "yes", "yes_price": 0.75, "no_price": 0.25, "count": 3.0}
{"trade_id": "dfa58867-40df-4151-4770-67307e869d7f", "timestamp": "2026-03-25T18:10:55.371657Z", "ticker": "KXBTCD-26MAR2515-T70699.99", "taker_side": "yes", "yes_price": 0.75, "no_price": 0.25, "count": 2.0}
{"trade_id": "cfe0e5f2-e08f-42cb-c124-f0dcff4b2fe3", "timestamp": "2026-03-25T18:10:54.709793Z", "ticker": "KXBTCD-26MAR2515-T70699.99", "taker_side": "no", "yes_price": 0.74, "no_price": 0.26, "count": 1.0}
{"trade_id": "a50ee29a-9de8-44fe-de96-fc4a22b97998", "timestamp": "2026-03-25T18:10:54.709793Z", "ticker": "KXBTCD-26MAR2515-T70699.99", "taker_side": "no", "yes_price": 0.73, "no_price": 0.27, "count": 50.0}
{"trade_id": "3ae4c68a-7796-41cf-ddaf-bd821c34b622", "timestamp": "2026-03-25T18:10:54.709793Z", "ticker": "KXBTCD-26MAR2515-T70699.99", "taker_side": "no", "yes_price": 0.73, "no_price": 0.27, "count": 100.0}
{"trade_id": "2c3d9fe0-8f36-4696-de60-44c56f547f37", "timestamp": "2026-03-25T18:10:54.709793Z", "ticker": "KXBTCD-26MAR2515-T70699.99", "taker_side": "no", "yes_price": 0.73, "no_price": 0.27, "count": 100.0}
{"trade_id": "20c70ed1-d641-44ad-fe10-e80dbf840b44", "timestamp": "2026-03-25T18:10:54.709793Z", "ticker": "KXBTCD-26MAR2515-T70699.99", "taker_side": "no", "yes_price": 0.73, "no_price": 0.27, "count": 154.0}
{"trade_id": "c326f680-6267-7407-87cd-5d6ddce92a68", "timestamp": "2026-03-25T18:10:43.316316Z", "ticker": "KXBTCD-26MAR2515-T70699.99", "taker_side": "yes", "yes_price": 0.73, "no_price": 0.27, "count": 14.0}
{"trade_id": "4cb01f36-bd6a-7b04-88e1-fb2e24ccecfa", "timestamp": "2026-03-25T18:10:43.316316Z", "ticker": "KXBTCD-26MAR2515-T70699.99", "taker_side": "yes", "yes_price": 0.73, "no_price": 0.27, "count": 36.0}
{"trade_id": "2d9023a3-d1a5-4d58-ea75-ad8087c7e393", "timestamp": "2026-03-25T18:14:45.476518Z", "ticker": "KXBTCD-26MAR2515-T70699.99", "taker_side": "no", "yes_price": 0.75, "no_price": 0.25, "count": 15.0}
{"trade_id": "0332e920-6f23-41cb-fc0b-f454c661677b", "timestamp": "2026-03-25T18:14:45.476518Z", "ticker": "KXBTCD-26MAR2515-T70699.99", "taker_side": "no", "yes_price": 0.75, "no_price": 0.25, "count": 207.0}
{"trade_id": "dafb35b2-692f-52a1-71ee-5c80b90477bf", "timestamp": "2026-03-25T18:14:45.224855Z", "ticker": "KXBTCD-26MAR2515-T70699.99", "taker_side": "yes", "yes_price": 0.76, "no_price": 0.24, "count": 25.0}
{"trade_id": "5ac8453e-317c-550a-5dde-84d1b5e98429", "timestamp": "2026-03-25T18:14:45.224855Z", "ticker": "KXBTCD-26MAR2515-T70699.99", "taker_side": "yes", "yes_price": 0.76, "no_price": 0.24, "count": 13.0}
{"trade_id": "d777ccbd-f02d-6a28-1aa8-bf820b2c02c4", "timestamp": "2026-03-25T18:59:46.767145Z", "ticker": "KXBTCD-26MAR2515-T70699.99", "taker_side": "no", "yes_price": 0.99, "no_price": 0.01, "count": 5.0}
{"trade_id": "ea1f9387-1c4d-75e8-7d93-7fa9eddb0ec8", "timestamp": "2026-03-25T18:59:28.027132Z", "ticker": "KXBTCD-26MAR2515-T70699.99", "taker_side": "no", "yes_price": 0.99, "no_price": 0.01, "count": 933.0}
{"trade_id": "2753e698-b5c5-5480-9938-acf66cd397a8", "timestamp": "2026-03-25T18:59:26.185034Z", "ticker": "KXBTCD-26MAR2515-T70699.99", "taker_side": "no", "yes_price": 0.99, "no_price": 0.01, "count": 5.0}
{"trade_id": "b553f6a4-02d1-7f80-e7d2-b7136df1cebc", "timestamp": "2026-03-25T18:59:26.055175Z", "ticker": "KXBTCD-26MAR2515-T70699.99", "taker_side": "no", "yes_price": 0.99, "no_price": 0.01, "count": 50.0}
{"trade_id": "5b5b08a4-0d8d-7e24-2e44-582036f350c8", "timestamp": "2026-03-25T18:59:24.467393Z", "ticker": "KXBTCD-26MAR2515-T70699.99", "taker_side": "no", "yes_price": 0.99, "no_price": 0.01, "count": 2.0}
{"trade_id": "491ca136-cea1-7484-5f96-30464861844c", "timestamp": "2026-03-25T18:59:23.833365Z", "ticker": "KXBTCD-26MAR2515-T70699.99", "taker_side": "no", "yes_price": 0.99, "no_price": 0.01, "count": 20.0}
{"trade_id": "572564f8-1345-4fc4-d7f5-d7f63dbe2bf0", "timestamp": "2026-03-25T18:59:12.385103Z", "ticker": "KXBTCD-26MAR2515-T70699.99", "taker_side": "no", "yes_price": 0.99, "no_price": 0.01, "count": 10.0}
{"trade_id": "bd7350c3-216c-4c42-5cb1-b2c0e11d52c5", "timestamp": "2026-03-25T18:59:12.012223Z", "ticker": "KXBTCD-26MAR2515-T70699.99", "taker_side": "yes", "yes_price": 0.98, "no_price": 0.02, "count": 1965.0}
{"trade_id": "651b2d61-5818-5ab2-a4eb-e2b7d5c803b5", "timestamp": "2026-03-25T18:59:11.177566Z", "ticker": "KXBTCD-26MAR2515-T70699.99", "taker_side": "yes", "yes_price": 0.98, "no_price": 0.02, "count": 25.0}
{"trade_id": "58c5df6c-f840-6326-e6a8-88ca8140a64d", "timestamp": "2026-03-25T18:59:10.748663Z", "ticker": "KXBTCD-26MAR2515-T70699.99", "taker_side": "yes", "yes_price": 0.98, "no_price": 0.02, "count": 1010.0}
{"trade_id": "887b58fd-c6a6-76ec-058c-cb013d3a35d6", "timestamp": "2026-03-25T18:59:06.801156Z", "ticker": "KXBTCD-26MAR2515-T70699.99", "taker_side": "yes", "yes_price": 0.97, "no_price": 0.03, "count": 100.0}
{"trade_id": "2013063c-f3b3-7718-fb16-1dea1529b506", "timestamp": "2026-03-25T18:59:06.532033Z", "ticker": "KXBTCD-26MAR2515-T70699.99", "taker_side": "no", "yes_price": 0.98, "no_price": 0.02, "count": 100.0}
{"trade_id": "9a98d2e9-6a35-5576-4275-6d4750b241f9", "timestamp": "2026-03-25T18:59:05.30697Z", "ticker": "KXBTCD-26MAR2515-T70699.99", "taker_side": "no", "yes_price": 0.99, "no_price": 0.01, "count": 100.0}
{"trade_id": "cea6c02b-6cfc-7f8c-21da-8be21db00f8d", "timestamp": "2026-03-25T18:59:04.088694Z", "ticker": "KXBTCD-26MAR2515-T70699.99", "taker_side": "no", "yes_price": 0.99, "no_price": 0.01, "count": 3.0}
{"trade_id": "23ffd492-3d01-7943-3a3b-a6d228b627ee", "timestamp": "2026-03-25T18:59:04.088694Z", "ticker": "KXBTCD-26MAR2515-T70699.99", "taker_side": "no", "yes_price": 0.99, "no_price": 0.01, "count": 100.0}
{"trade_id": "e00132f5-bfca-7ce6-fafe-1f7e09aa610e", "timestamp": "2026-03-25T18:59:02.87085Z", "ticker": "KXBTCD-26MAR2515-T70699.99", "taker_side": "no", "yes_price": 0.98, "no_price": 0.02, "count": 100.0}
{"trade_id": "7edf91ae-b766-7fa6-f8d7-570129c9bf4c", "timestamp": "2026-03-25T18:59:02.87085Z", "ticker": "KXBTCD-26MAR2515-T70699.99", "taker_side": "no", "yes_price": 0.98, "no_price": 0.02, "count": 100.0}
{"trade_id": "64b10778-6964-777b-cd69-90eba4b07337", "timestamp": "2026-03-25T18:59:02.87085Z", "ticker": "KXBTCD-26MAR2515-T70699.99", "taker_side": "no", "yes_price": 0.98, "no_price": 0.02, "count": 120.0}
{"trade_id": "1de6b83b-3229-72c1-fc67-ce7886f13627", "timestamp": "2026-03-25T18:59:02.87085Z", "ticker": "KXBTCD-26MAR2515-T70699.99", "taker_side": "no", "yes_price": 0.98, "no_price": 0.02, "count": 100.0}
{"trade_id": "56abedf3-e65c-57e7-e79a-6f385fe6b443", "timestamp": "2026-03-25T18:59:00.583884Z", "ticker": "KXBTCD-26MAR2515-T70699.99", "taker_side": "no", "yes_price": 0.98, "no_price": 0.02, "count": 30.0}
{"trade_id": "56a09c15-3dad-7335-d50f-68c5a784d28b", "timestamp": "2026-03-25T18:58:58.548631Z", "ticker": "KXBTCD-26MAR2515-T70699.99", "taker_side": "yes", "yes_price": 0.99, "no_price": 0.01, "count": 3.0}
{"trade_id": "b862342f-1cf7-6dae-f8bb-b92f91d4d706", "timestamp": "2026-03-25T18:58:55.275169Z", "ticker": "KXBTCD-26MAR2515-T70699.99", "taker_side": "yes", "yes_price": 0.98, "no_price": 0.02, "count": 30.0}
{"trade_id": "9d986780-e5fb-6275-da5c-dac572df1ef8", "timestamp": "2026-03-25T18:58:55.275169Z", "ticker": "KXBTCD-26MAR2515-T70699.99", "taker_side": "yes", "yes_price": 0.99, "no_price": 0.01, "count": 9.0}
{"trade_id": "0c7e6c92-eee0-696c-f916-46336b627913", "timestamp": "2026-03-25T18:58:55.275169Z", "ticker": "KXBTCD-26MAR2515-T70699.99", "taker_side": "yes", "yes_price": 0.98, "no_price": 0.02, "count": 100.0}
{"trade_id": "665c9647-274f-7153-6494-a930059125db", "timestamp": "2026-03-25T18:58:55.176819Z", "ticker": "KXBTCD-26MAR2515-T70699.99", "taker_side": "no", "yes_price": 0.97, "no_price": 0.03, "count": 20.0}
{"trade_id": "613e21d4-056f-5a87-ff6e-dab8f8fd10c3", "timestamp": "2026-03-25T18:58:54.670739Z", "ticker": "KXBTCD-26MAR2515-T70699.99", "taker_side": "no", "yes_price": 0.97, "no_price": 0.03, "count": 40.0}
{"trade_id": "8ea8dc64-4d9b-7b16-9a04-500881561d16", "timestamp": "2026-03-25T18:58:53.960233Z", "ticker": "KXBTCD-26MAR2515-T70699.99", "taker_side": "yes", "yes_price": 0.98, "no_price": 0.02, "count": 3.0}
{"trade_id": "5a6a1758-1d53-4f8b-c625-e827fda46c73", "timestamp": "2026-03-25T18:58:51.715619Z", "ticker": "KXBTCD-26MAR2515-T70699.99", "taker_side": "no", "yes_price": 0.97, "no_price": 0.03, "count": 50.0}
{"trade_id": "249d3161-aa63-525e-be05-a1ba455a96fe", "timestamp": "2026-03-25T18:58:51.167818Z", "ticker": "KXBTCD-26MAR2515-T70699.99", "taker_side": "yes", "yes_price": 0.98, "no_price": 0.02, "count": 8.0}
{"trade_id": "27a13824-305b-5b8e-c459-8ed84495380e", "timestamp": "2026-03-25T18:58:50.059452Z", "ticker": "KXBTCD-26MAR2515-T70699.99", "taker_side": "yes", "yes_price": 0.98, "no_price": 0.02, "count": 7.0}
{"trade_id": "560080d5-6d6f-61fa-9989-243b3371f4a6", "timestamp": "2026-03-25T18:58:49.541393Z", "ticker": "KXBTCD-26MAR2515-T70699.99", "taker_side": "yes", "yes_price": 0.98, "no_price": 0.02, "count": 2.0}
{"trade_id": "36cd4699-5ce3-4673-2209-4b1baab84c9b", "timestamp": "2026-03-25T18:58:48.421364Z", "ticker": "KXBTCD-26MAR2515-T70699.99", "taker_side": "no", "yes_price": 0.97, "no_price": 0.03, "count": 31.0}
{"trade_id": "e751a19d-2601-7464-b1bf-8c9ed966000d", "timestamp": "2026-03-25T18:58:45.943387Z", "ticker": "KXBTCD-26MAR2515-T70699.99", "taker_side": "no", "yes_price": 0.98, "no_price": 0.02, "count": 23.0}
{"trade_id": "e5667343-3a65-51c0-9e25-6c35f9ebab85", "timestamp": "2026-03-25T18:58:45.942464Z", "ticker": "KXBTCD-26MAR2515-T70699.99", "taker_side": "no", "yes_price": 0.98, "no_price": 0.02, "count": 27.0}
{"trade_id": "c49b4c33-f4b5-52df-9bb3-a845a02799bf", "timestamp": "2026-03-25T18:58:45.942464Z", "ticker": "KXBTCD-26MAR2515-T70699.99", "taker_side": "no", "yes_price": 0.98, "no_price": 0.02, "count": 63.0}
{"trade_id": "8d8dc5c2-f974-57a3-8664-2a5a8b2e2f9d", "timestamp": "2026-03-25T18:58:45.942464Z", "ticker": "KXBTCD-26MAR2515-T70699.99", "taker_side": "no", "yes_price": 0.98, "no_price": 0.02, "count": 9.0}
{"trade_id": "0261eb2f-445d-51a2-ab30-7a45c1d0a098", "timestamp": "2026-03-25T18:58:45.942464Z", "ticker": "KXBTCD-26MAR2515-T70699.99", "taker_side": "no", "yes_price": 0.98, "no_price": 0.02, "count": 1.0}
{"trade_id": "f4ab2b29-9773-5f4a-5b40-61059ca921ff", "timestamp": "2026-03-25T18:58:45.735743Z", "ticker": "KXBTCD-26MAR2515-T70699.99", "taker_side": "yes", "yes_price": 0.99, "no_price": 0.01, "count": 36.0}
{"trade_id": "6b190617-5ebf-5d6e-715a-59cd930d034b", "timestamp": "2026-03-25T18:58:44.012255Z", "ticker": "KXBTCD-26MAR2515-T70699.99", "taker_side": "yes", "yes_price": 0.99, "no_price": 0.01, "count": 2.0}
{"trade_id": "9b2424dc-fd37-56aa-e57a-849bd71fb04b", "timestamp": "2026-03-25T18:58:40.634237Z", "ticker": "KXBTCD-26MAR2515-T70699.99", "taker_side": "yes", "yes_price": 0.99, "no_price": 0.01, "count": 152.0}
{"trade_id": "356938c6-8fee-5cb4-e202-e3ce805e9563", "timestamp": "2026-03-25T18:58:40.634237Z", "ticker": "KXBTCD-26MAR2515-T70699.99", "taker_side": "yes", "yes_price": 0.99, "no_price": 0.01, "count": 100.0}
{"trade_id": "c974f80c-a195-4d33-7998-a788d280b4ab", "timestamp": "2026-03-25T18:58:40.159673Z", "ticker": "KXBTCD-26MAR2515-T70699.99", "taker_side": "no", "yes_price": 0.98, "no_price": 0.02, "count": 31.0}
{"trade_id": "f76621d8-1741-628b-c7ed-6ac82b89a1db", "timestamp": "2026-03-25T18:58:37.942341Z", "ticker": "KXBTCD-26MAR2515-T70699.99", "taker_side": "no", "yes_price": 0.98, "no_price": 0.02, "count": 283.0}
{"trade_id": "dcb5994b-aba6-603f-1619-e7efeb04b10b", "timestamp": "2026-03-25T18:58:36.503858Z", "ticker": "KXBTCD-26MAR2515-T70699.99", "taker_side": "no", "yes_price": 0.99, "no_price": 0.01, "count": 22.0}
{"trade_id": "fc533d48-f2ee-630d-b49a-2d6b5c6c5220", "timestamp": "2026-03-25T18:58:36.25225Z", "ticker": "KXBTCD-26MAR2515-T70699.99", "taker_side": "yes", "yes_price": 0.99, "no_price": 0.01, "count": 56.0}
{"trade_id": "c9ce0bdd-8c84-6aca-8a91-84cc8c091641", "timestamp": "2026-03-25T18:58:36.25225Z", "ticker": "KXBTCD-26MAR2515-T70699.99", "taker_side": "yes", "yes_price": 0.99, "no_price": 0.01, "count": 15.0}
{"trade_id": "c881e22b-9cca-69d1-cfee-d6f6e36295f6", "timestamp": "2026-03-25T18:58:36.25175Z", "ticker": "KXBTCD-26MAR2515-T70699.99", "taker_side": "yes", "yes_price": 0.99, "no_price": 0.01, "count": 100.0}
{"trade_id": "e6f0c1d2-efbd-7717-9dd6-96b98d42c109", "timestamp": "2026-03-25T18:58:34.08Z", "ticker": "KXBTCD-26MAR2515-T70699.99", "taker_side": "yes", "yes_price": 0.99, "no_price": 0.01, "count": 250.0}
{"trade_id": "e1ab4afb-0a7e-722d-a20c-b7a096f6d7ba", "timestamp": "2026-03-25T18:58:34.08Z", "ticker": "KXBTCD-26MAR2515-T70699.99", "taker_side": "yes", "yes_price": 0.99, "no_price": 0.01, "count": 254.0}
{"trade_id": "e0eab7c6-ea45-4feb-8d4d-614a907d5e83", "timestamp": "2026-03-25T18:58:30.854227Z", "ticker": "KXBTCD-26MAR2515-T70699.99", "taker_side": "no", "yes_price": 0.98, "no_price": 0.02, "count": 1.0}
