{"trade_id": "796ba400-ac0b-53e5-dea6-6d26257b0934", "timestamp": "2026-03-25T17:56:45.748289Z", "ticker": "KXWTAMATCH-26MAR25RYBPEG-PEG", "taker_side": "no", "yes_price": 0.63, "no_price": 0.37, "count": 515.0}
{"trade_id": "f87ba1f8-9cb4-4fc0-2038-75dd050d96b8", "timestamp": "2026-03-25T17:56:42.752789Z", "ticker": "KXWTAMATCH-26MAR25RYBPEG-PEG", "taker_side": "yes", "yes_price": 0.64, "no_price": 0.36, "count": 1515.0}
{"trade_id": "8a2522fa-972c-6a2c-ed2a-86303f4ec970", "timestamp": "2026-03-25T17:56:42.698746Z", "ticker": "KXWTAMATCH-26MAR25RYBPEG-PEG", "taker_side": "yes", "yes_price": 0.64, "no_price": 0.36, "count": 50.0}
{"trade_id": "67dedad5-2350-5b78-949c-9b92f764003c", "timestamp": "2026-03-25T17:56:41.804285Z", "ticker": "KXWTAMATCH-26MAR25RYBPEG-PEG", "taker_side": "yes", "yes_price": 0.64, "no_price": 0.36, "count": 7575.0}
{"trade_id": "e8b5dbc5-d260-500c-d330-d97a99e031d8", "timestamp": "2026-03-25T17:56:37.602774Z", "ticker": "KXWTAMATCH-26MAR25RYBPEG-PEG", "taker_side": "yes", "yes_price": 0.64, "no_price": 0.36, "count": 1.0}
{"trade_id": "a9e1e40a-a39c-60a8-2d71-5caa04ff8105", "timestamp": "2026-03-25T17:56:35.66472Z", "ticker": "KXWTAMATCH-26MAR25RYBPEG-PEG", "taker_side": "no", "yes_price": 0.64, "no_price": 0.36, "count": 5.0}
{"trade_id": "3e08e32d-78a0-40b3-e787-f581d9b6d284", "timestamp": "2026-03-25T17:56:35.563812Z", "ticker": "KXWTAMATCH-26MAR25RYBPEG-PEG", "taker_side": "yes", "yes_price": 0.65, "no_price": 0.35, "count": 298.0}
{"trade_id": "f838effd-ce80-56b3-5b8c-ad8011308010", "timestamp": "2026-03-25T17:56:34.861151Z", "ticker": "KXWTAMATCH-26MAR25RYBPEG-PEG", "taker_side": "yes", "yes_price": 0.65, "no_price": 0.35, "count": 7.0}
{"trade_id": "94c62ca0-1edc-7ed3-5ba7-fe3ab4885c24", "timestamp": "2026-03-25T17:56:34.375523Z", "ticker": "KXWTAMATCH-26MAR25RYBPEG-PEG", "taker_side": "yes", "yes_price": 0.65, "no_price": 0.35, "count": 5.0}
{"trade_id": "dcaa1bd9-5cfc-7df3-31c4-8a5271b63500", "timestamp": "2026-03-25T17:56:34.12378Z", "ticker": "KXWTAMATCH-26MAR25RYBPEG-PEG", "taker_side": "no", "yes_price": 0.67, "no_price": 0.33, "count": 300.0}
{"trade_id": "b104d086-1f3f-7568-04b4-f20439bb9f8b", "timestamp": "2026-03-25T17:56:34.12378Z", "ticker": "KXWTAMATCH-26MAR25RYBPEG-PEG", "taker_side": "no", "yes_price": 0.65, "no_price": 0.35, "count": 10.0}
{"trade_id": "414a2ef5-1f32-7886-2160-d767e14e0da5", "timestamp": "2026-03-25T17:56:34.12378Z", "ticker": "KXWTAMATCH-26MAR25RYBPEG-PEG", "taker_side": "no", "yes_price": 0.66, "no_price": 0.34, "count": 50.0}
{"trade_id": "12f40d7c-d693-782a-21c5-be56d88950ad", "timestamp": "2026-03-25T17:56:34.12378Z", "ticker": "KXWTAMATCH-26MAR25RYBPEG-PEG", "taker_side": "no", "yes_price": 0.68, "no_price": 0.32, "count": 492.0}
{"trade_id": "f98d6279-42b5-6368-efd8-213572a767c5", "timestamp": "2026-03-25T17:56:30.576022Z", "ticker": "KXWTAMATCH-26MAR25RYBPEG-PEG", "taker_side": "yes", "yes_price": 0.67, "no_price": 0.33, "count": 187.0}
{"trade_id": "399fdace-3a9a-6be5-f565-026f78a0fe2e", "timestamp": "2026-03-25T17:56:30.576022Z", "ticker": "KXWTAMATCH-26MAR25RYBPEG-PEG", "taker_side": "yes", "yes_price": 0.67, "no_price": 0.33, "count": 172.0}
{"trade_id": "452f0be4-5d4d-5b40-9907-0e5e67eb506b", "timestamp": "2026-03-25T17:56:29.880834Z", "ticker": "KXWTAMATCH-26MAR25RYBPEG-PEG", "taker_side": "yes", "yes_price": 0.67, "no_price": 0.33, "count": 7.0}
{"trade_id": "e8443d72-055d-4a70-b963-0d604f55c7db", "timestamp": "2026-03-25T17:56:24.933894Z", "ticker": "KXWTAMATCH-26MAR25RYBPEG-PEG", "taker_side": "yes", "yes_price": 0.67, "no_price": 0.33, "count": 39.0}
{"trade_id": "55e04ae8-5239-7574-9917-b40c9b7149cf", "timestamp": "2026-03-25T17:56:23.510077Z", "ticker": "KXWTAMATCH-26MAR25RYBPEG-PEG", "taker_side": "yes", "yes_price": 0.67, "no_price": 0.33, "count": 208.0}
{"trade_id": "4616667a-1b69-53a8-070b-12fafa5a6c7f", "timestamp": "2026-03-25T17:56:23.121518Z", "ticker": "KXWTAMATCH-26MAR25RYBPEG-PEG", "taker_side": "yes", "yes_price": 0.67, "no_price": 0.33, "count": 1.0}
{"trade_id": "c6908c2e-56e5-601b-9cc6-452dd66905aa", "timestamp": "2026-03-25T17:56:21.989309Z", "ticker": "KXWTAMATCH-26MAR25RYBPEG-PEG", "taker_side": "no", "yes_price": 0.66, "no_price": 0.34, "count": 8.0}
{"trade_id": "dc86da28-ef31-5d44-8d7a-a648c57c69fd", "timestamp": "2026-03-25T17:56:21.301255Z", "ticker": "KXWTAMATCH-26MAR25RYBPEG-PEG", "taker_side": "yes", "yes_price": 0.68, "no_price": 0.32, "count": 1.0}
{"trade_id": "b7005cbb-d109-408c-021a-b262c060a605", "timestamp": "2026-03-25T17:56:19.414241Z", "ticker": "KXWTAMATCH-26MAR25RYBPEG-PEG", "taker_side": "yes", "yes_price": 0.68, "no_price": 0.32, "count": 4.0}
{"trade_id": "c041f405-784d-62f8-95eb-e1d24f04c8b1", "timestamp": "2026-03-25T17:56:19.381011Z", "ticker": "KXWTAMATCH-26MAR25RYBPEG-PEG", "taker_side": "yes", "yes_price": 0.68, "no_price": 0.32, "count": 39.0}
{"trade_id": "69756bc7-c954-7306-00fd-3a100fd0f8ff", "timestamp": "2026-03-25T17:56:15.483929Z", "ticker": "KXWTAMATCH-26MAR25RYBPEG-PEG", "taker_side": "yes", "yes_price": 0.67, "no_price": 0.33, "count": 14.0}
{"trade_id": "6b14bd92-bf88-677a-01df-7df5c3e291ab", "timestamp": "2026-03-25T17:56:13.490199Z", "ticker": "KXWTAMATCH-26MAR25RYBPEG-PEG", "taker_side": "yes", "yes_price": 0.67, "no_price": 0.33, "count": 144.0}
{"trade_id": "8ca2d737-6fc8-68a2-022a-8fe1d5d68983", "timestamp": "2026-03-25T17:56:11.562704Z", "ticker": "KXWTAMATCH-26MAR25RYBPEG-PEG", "taker_side": "yes", "yes_price": 0.67, "no_price": 0.33, "count": 2042.0}
{"trade_id": "4f2c9e39-802c-7b66-eb8e-49aa47ebd487", "timestamp": "2026-03-25T17:56:11.061139Z", "ticker": "KXWTAMATCH-26MAR25RYBPEG-PEG", "taker_side": "yes", "yes_price": 0.67, "no_price": 0.33, "count": 43.0}
{"trade_id": "42691214-4f7d-43d3-8fc6-b9addcae4134", "timestamp": "2026-03-25T17:56:06.480909Z", "ticker": "KXWTAMATCH-26MAR25RYBPEG-PEG", "taker_side": "no", "yes_price": 0.66, "no_price": 0.34, "count": 20.0}
{"trade_id": "ce6bf15b-7e94-663a-bf79-39d0b1a1671f", "timestamp": "2026-03-25T17:56:01.810346Z", "ticker": "KXWTAMATCH-26MAR25RYBPEG-PEG", "taker_side": "yes", "yes_price": 0.67, "no_price": 0.33, "count": 36.0}
{"trade_id": "250b24eb-0fad-74f8-a2ec-47e1426a2562", "timestamp": "2026-03-25T17:56:01.295582Z", "ticker": "KXWTAMATCH-26MAR25RYBPEG-PEG", "taker_side": "no", "yes_price": 0.66, "no_price": 0.34, "count": 48.0}
{"trade_id": "5233a838-a240-48a7-90a0-8e4214b86320", "timestamp": "2026-03-25T17:55:56.855234Z", "ticker": "KXWTAMATCH-26MAR25RYBPEG-PEG", "taker_side": "yes", "yes_price": 0.66, "no_price": 0.34, "count": 20.0}
{"trade_id": "404174d6-a724-4ec1-9641-81c85af85c2b", "timestamp": "2026-03-25T17:55:56.855234Z", "ticker": "KXWTAMATCH-26MAR25RYBPEG-PEG", "taker_side": "yes", "yes_price": 0.66, "no_price": 0.34, "count": 10.0}
{"trade_id": "1883759a-3aa8-4643-8fdb-480d79361372", "timestamp": "2026-03-25T17:55:56.855234Z", "ticker": "KXWTAMATCH-26MAR25RYBPEG-PEG", "taker_side": "yes", "yes_price": 0.66, "no_price": 0.34, "count": 20.0}
{"trade_id": "f2b25929-13c9-7a16-e673-6bbeccaca6be", "timestamp": "2026-03-25T17:55:54.745345Z", "ticker": "KXWTAMATCH-26MAR25RYBPEG-PEG", "taker_side": "yes", "yes_price": 0.66, "no_price": 0.34, "count": 18.0}
{"trade_id": "fd4a2028-dc7e-7595-b123-975551a64fec", "timestamp": "2026-03-25T17:55:54.594747Z", "ticker": "KXWTAMATCH-26MAR25RYBPEG-PEG", "taker_side": "yes", "yes_price": 0.65, "no_price": 0.35, "count": 199.0}
{"trade_id": "fcb509fb-1564-754a-b2f3-afbc749ca61a", "timestamp": "2026-03-25T17:55:54.594747Z", "ticker": "KXWTAMATCH-26MAR25RYBPEG-PEG", "taker_side": "yes", "yes_price": 0.65, "no_price": 0.35, "count": 199.0}
{"trade_id": "fb5c258e-69e2-72c1-873a-a61f224d8dd6", "timestamp": "2026-03-25T17:55:54.594747Z", "ticker": "KXWTAMATCH-26MAR25RYBPEG-PEG", "taker_side": "yes", "yes_price": 0.65, "no_price": 0.35, "count": 180.0}
{"trade_id": "ce2c306e-b7eb-7a48-9257-96b8c26d6e43", "timestamp": "2026-03-25T17:55:54.594747Z", "ticker": "KXWTAMATCH-26MAR25RYBPEG-PEG", "taker_side": "yes", "yes_price": 0.65, "no_price": 0.35, "count": 180.0}
{"trade_id": "cd10c120-d100-736e-a9a9-e198034fc52f", "timestamp": "2026-03-25T17:55:54.594747Z", "ticker": "KXWTAMATCH-26MAR25RYBPEG-PEG", "taker_side": "yes", "yes_price": 0.64, "no_price": 0.36, "count": 5.0}
{"trade_id": "c6040d22-e4e6-754c-a5ab-a81eb7b4a15f", "timestamp": "2026-03-25T17:55:54.594747Z", "ticker": "KXWTAMATCH-26MAR25RYBPEG-PEG", "taker_side": "yes", "yes_price": 0.64, "no_price": 0.36, "count": 30.0}
{"trade_id": "c45a28b6-a792-7a54-a6aa-389022f688af", "timestamp": "2026-03-25T17:55:54.594747Z", "ticker": "KXWTAMATCH-26MAR25RYBPEG-PEG", "taker_side": "yes", "yes_price": 0.65, "no_price": 0.35, "count": 199.0}
{"trade_id": "ad6ac117-5464-74c7-b7f9-e36835a34e23", "timestamp": "2026-03-25T17:55:54.594747Z", "ticker": "KXWTAMATCH-26MAR25RYBPEG-PEG", "taker_side": "yes", "yes_price": 0.65, "no_price": 0.35, "count": 902.0}
{"trade_id": "a25a1ad9-b8e4-7b1c-8c9d-684e6c0f6091", "timestamp": "2026-03-25T17:55:54.594747Z", "ticker": "KXWTAMATCH-26MAR25RYBPEG-PEG", "taker_side": "yes", "yes_price": 0.65, "no_price": 0.35, "count": 199.0}
{"trade_id": "9f8de7ff-7c97-719a-9abe-4c5e45ff08bf", "timestamp": "2026-03-25T17:55:54.594747Z", "ticker": "KXWTAMATCH-26MAR25RYBPEG-PEG", "taker_side": "yes", "yes_price": 0.65, "no_price": 0.35, "count": 40.0}
{"trade_id": "978a31e3-3fc7-7ca1-a748-028f7000656e", "timestamp": "2026-03-25T17:55:54.594747Z", "ticker": "KXWTAMATCH-26MAR25RYBPEG-PEG", "taker_side": "yes", "yes_price": 0.65, "no_price": 0.35, "count": 180.0}
{"trade_id": "8ffbf31d-dec3-7d2e-9019-13fa78372f81", "timestamp": "2026-03-25T17:55:54.594747Z", "ticker": "KXWTAMATCH-26MAR25RYBPEG-PEG", "taker_side": "yes", "yes_price": 0.65, "no_price": 0.35, "count": 199.0}
{"trade_id": "890be2da-a887-7e45-8727-fc9f20b5fb5c", "timestamp": "2026-03-25T17:55:54.594747Z", "ticker": "KXWTAMATCH-26MAR25RYBPEG-PEG", "taker_side": "yes", "yes_price": 0.65, "no_price": 0.35, "count": 180.0}
{"trade_id": "887db272-9286-7044-ba67-5d1150bbe35f", "timestamp": "2026-03-25T17:55:54.594747Z", "ticker": "KXWTAMATCH-26MAR25RYBPEG-PEG", "taker_side": "yes", "yes_price": 0.65, "no_price": 0.35, "count": 180.0}
{"trade_id": "7c84f96f-a8d9-74e6-9466-acf07088fbd1", "timestamp": "2026-03-25T17:55:54.594747Z", "ticker": "KXWTAMATCH-26MAR25RYBPEG-PEG", "taker_side": "yes", "yes_price": 0.65, "no_price": 0.35, "count": 902.0}
{"trade_id": "76e27ab4-b2f6-7fae-a4ec-3e04bf4e574d", "timestamp": "2026-03-25T17:55:54.594747Z", "ticker": "KXWTAMATCH-26MAR25RYBPEG-PEG", "taker_side": "yes", "yes_price": 0.64, "no_price": 0.36, "count": 50.0}
{"trade_id": "71803bf7-c52c-62f4-fb13-e336f08823f8", "timestamp": "2026-03-25T17:56:48.610364Z", "ticker": "KXWTAMATCH-26MAR25RYBPEG-PEG", "taker_side": "yes", "yes_price": 0.64, "no_price": 0.36, "count": 141.0}
{"trade_id": "100dbc39-775b-6d31-78dd-cf1ccb9a2cac", "timestamp": "2026-03-25T17:56:49.482683Z", "ticker": "KXWTAMATCH-26MAR25RYBPEG-PEG", "taker_side": "no", "yes_price": 0.63, "no_price": 0.37, "count": 55.0}
{"trade_id": "89ce219d-b824-50c0-a4ba-9fe1c1c17e1c", "timestamp": "2026-03-25T17:56:51.674364Z", "ticker": "KXWTAMATCH-26MAR25RYBPEG-PEG", "taker_side": "yes", "yes_price": 0.64, "no_price": 0.36, "count": 1515.0}
{"trade_id": "68c7e6fe-9378-51a0-fccc-535dcde656b8", "timestamp": "2026-03-25T17:56:51.975934Z", "ticker": "KXWTAMATCH-26MAR25RYBPEG-PEG", "taker_side": "yes", "yes_price": 0.64, "no_price": 0.36, "count": 73.0}
{"trade_id": "e36bd1b2-0324-5070-d30f-c3917a4763f4", "timestamp": "2026-03-25T17:56:55.276252Z", "ticker": "KXWTAMATCH-26MAR25RYBPEG-PEG", "taker_side": "no", "yes_price": 0.63, "no_price": 0.37, "count": 1.0}
{"trade_id": "e56affa2-2cd6-49b8-284c-d93f77ed88b5", "timestamp": "2026-03-25T17:56:59.064173Z", "ticker": "KXWTAMATCH-26MAR25RYBPEG-PEG", "taker_side": "no", "yes_price": 0.61, "no_price": 0.39, "count": 492.0}
{"trade_id": "e56affa2-2cd6-49b8-284c-d93f77ed88b5", "timestamp": "2026-03-25T17:56:59.064173Z", "ticker": "KXWTAMATCH-26MAR25RYBPEG-PEG", "taker_side": "no", "yes_price": 0.61, "no_price": 0.39, "count": 492.0}
{"trade_id": "e36bd1b2-0324-5070-d30f-c3917a4763f4", "timestamp": "2026-03-25T17:56:55.276252Z", "ticker": "KXWTAMATCH-26MAR25RYBPEG-PEG", "taker_side": "no", "yes_price": 0.63, "no_price": 0.37, "count": 1.0}
{"trade_id": "68c7e6fe-9378-51a0-fccc-535dcde656b8", "timestamp": "2026-03-25T17:56:51.975934Z", "ticker": "KXWTAMATCH-26MAR25RYBPEG-PEG", "taker_side": "yes", "yes_price": 0.64, "no_price": 0.36, "count": 73.0}
{"trade_id": "89ce219d-b824-50c0-a4ba-9fe1c1c17e1c", "timestamp": "2026-03-25T17:56:51.674364Z", "ticker": "KXWTAMATCH-26MAR25RYBPEG-PEG", "taker_side": "yes", "yes_price": 0.64, "no_price": 0.36, "count": 1515.0}
{"trade_id": "100dbc39-775b-6d31-78dd-cf1ccb9a2cac", "timestamp": "2026-03-25T17:56:49.482683Z", "ticker": "KXWTAMATCH-26MAR25RYBPEG-PEG", "taker_side": "no", "yes_price": 0.63, "no_price": 0.37, "count": 55.0}
{"trade_id": "71803bf7-c52c-62f4-fb13-e336f08823f8", "timestamp": "2026-03-25T17:56:48.610364Z", "ticker": "KXWTAMATCH-26MAR25RYBPEG-PEG", "taker_side": "yes", "yes_price": 0.64, "no_price": 0.36, "count": 141.0}
{"trade_id": "796ba400-ac0b-53e5-dea6-6d26257b0934", "timestamp": "2026-03-25T17:56:45.748289Z", "ticker": "KXWTAMATCH-26MAR25RYBPEG-PEG", "taker_side": "no", "yes_price": 0.63, "no_price": 0.37, "count": 515.0}
{"trade_id": "f87ba1f8-9cb4-4fc0-2038-75dd050d96b8", "timestamp": "2026-03-25T17:56:42.752789Z", "ticker": "KXWTAMATCH-26MAR25RYBPEG-PEG", "taker_side": "yes", "yes_price": 0.64, "no_price": 0.36, "count": 1515.0}
{"trade_id": "8a2522fa-972c-6a2c-ed2a-86303f4ec970", "timestamp": "2026-03-25T17:56:42.698746Z", "ticker": "KXWTAMATCH-26MAR25RYBPEG-PEG", "taker_side": "yes", "yes_price": 0.64, "no_price": 0.36, "count": 50.0}
{"trade_id": "67dedad5-2350-5b78-949c-9b92f764003c", "timestamp": "2026-03-25T17:56:41.804285Z", "ticker": "KXWTAMATCH-26MAR25RYBPEG-PEG", "taker_side": "yes", "yes_price": 0.64, "no_price": 0.36, "count": 7575.0}
{"trade_id": "e8b5dbc5-d260-500c-d330-d97a99e031d8", "timestamp": "2026-03-25T17:56:37.602774Z", "ticker": "KXWTAMATCH-26MAR25RYBPEG-PEG", "taker_side": "yes", "yes_price": 0.64, "no_price": 0.36, "count": 1.0}
{"trade_id": "a9e1e40a-a39c-60a8-2d71-5caa04ff8105", "timestamp": "2026-03-25T17:56:35.66472Z", "ticker": "KXWTAMATCH-26MAR25RYBPEG-PEG", "taker_side": "no", "yes_price": 0.64, "no_price": 0.36, "count": 5.0}
{"trade_id": "3e08e32d-78a0-40b3-e787-f581d9b6d284", "timestamp": "2026-03-25T17:56:35.563812Z", "ticker": "KXWTAMATCH-26MAR25RYBPEG-PEG", "taker_side": "yes", "yes_price": 0.65, "no_price": 0.35, "count": 298.0}
{"trade_id": "f838effd-ce80-56b3-5b8c-ad8011308010", "timestamp": "2026-03-25T17:56:34.861151Z", "ticker": "KXWTAMATCH-26MAR25RYBPEG-PEG", "taker_side": "yes", "yes_price": 0.65, "no_price": 0.35, "count": 7.0}
{"trade_id": "94c62ca0-1edc-7ed3-5ba7-fe3ab4885c24", "timestamp": "2026-03-25T17:56:34.375523Z", "ticker": "KXWTAMATCH-26MAR25RYBPEG-PEG", "taker_side": "yes", "yes_price": 0.65, "no_price": 0.35, "count": 5.0}
{"trade_id": "dcaa1bd9-5cfc-7df3-31c4-8a5271b63500", "timestamp": "2026-03-25T17:56:34.12378Z", "ticker": "KXWTAMATCH-26MAR25RYBPEG-PEG", "taker_side": "no", "yes_price": 0.67, "no_price": 0.33, "count": 300.0}
{"trade_id": "b104d086-1f3f-7568-04b4-f20439bb9f8b", "timestamp": "2026-03-25T17:56:34.12378Z", "ticker": "KXWTAMATCH-26MAR25RYBPEG-PEG", "taker_side": "no", "yes_price": 0.65, "no_price": 0.35, "count": 10.0}
{"trade_id": "414a2ef5-1f32-7886-2160-d767e14e0da5", "timestamp": "2026-03-25T17:56:34.12378Z", "ticker": "KXWTAMATCH-26MAR25RYBPEG-PEG", "taker_side": "no", "yes_price": 0.66, "no_price": 0.34, "count": 50.0}
{"trade_id": "12f40d7c-d693-782a-21c5-be56d88950ad", "timestamp": "2026-03-25T17:56:34.12378Z", "ticker": "KXWTAMATCH-26MAR25RYBPEG-PEG", "taker_side": "no", "yes_price": 0.68, "no_price": 0.32, "count": 492.0}
{"trade_id": "f98d6279-42b5-6368-efd8-213572a767c5", "timestamp": "2026-03-25T17:56:30.576022Z", "ticker": "KXWTAMATCH-26MAR25RYBPEG-PEG", "taker_side": "yes", "yes_price": 0.67, "no_price": 0.33, "count": 187.0}
{"trade_id": "399fdace-3a9a-6be5-f565-026f78a0fe2e", "timestamp": "2026-03-25T17:56:30.576022Z", "ticker": "KXWTAMATCH-26MAR25RYBPEG-PEG", "taker_side": "yes", "yes_price": 0.67, "no_price": 0.33, "count": 172.0}
{"trade_id": "452f0be4-5d4d-5b40-9907-0e5e67eb506b", "timestamp": "2026-03-25T17:56:29.880834Z", "ticker": "KXWTAMATCH-26MAR25RYBPEG-PEG", "taker_side": "yes", "yes_price": 0.67, "no_price": 0.33, "count": 7.0}
{"trade_id": "e8443d72-055d-4a70-b963-0d604f55c7db", "timestamp": "2026-03-25T17:56:24.933894Z", "ticker": "KXWTAMATCH-26MAR25RYBPEG-PEG", "taker_side": "yes", "yes_price": 0.67, "no_price": 0.33, "count": 39.0}
{"trade_id": "55e04ae8-5239-7574-9917-b40c9b7149cf", "timestamp": "2026-03-25T17:56:23.510077Z", "ticker": "KXWTAMATCH-26MAR25RYBPEG-PEG", "taker_side": "yes", "yes_price": 0.67, "no_price": 0.33, "count": 208.0}
{"trade_id": "4616667a-1b69-53a8-070b-12fafa5a6c7f", "timestamp": "2026-03-25T17:56:23.121518Z", "ticker": "KXWTAMATCH-26MAR25RYBPEG-PEG", "taker_side": "yes", "yes_price": 0.67, "no_price": 0.33, "count": 1.0}
{"trade_id": "c6908c2e-56e5-601b-9cc6-452dd66905aa", "timestamp": "2026-03-25T17:56:21.989309Z", "ticker": "KXWTAMATCH-26MAR25RYBPEG-PEG", "taker_side": "no", "yes_price": 0.66, "no_price": 0.34, "count": 8.0}
{"trade_id": "dc86da28-ef31-5d44-8d7a-a648c57c69fd", "timestamp": "2026-03-25T17:56:21.301255Z", "ticker": "KXWTAMATCH-26MAR25RYBPEG-PEG", "taker_side": "yes", "yes_price": 0.68, "no_price": 0.32, "count": 1.0}
{"trade_id": "b7005cbb-d109-408c-021a-b262c060a605", "timestamp": "2026-03-25T17:56:19.414241Z", "ticker": "KXWTAMATCH-26MAR25RYBPEG-PEG", "taker_side": "yes", "yes_price": 0.68, "no_price": 0.32, "count": 4.0}
{"trade_id": "c041f405-784d-62f8-95eb-e1d24f04c8b1", "timestamp": "2026-03-25T17:56:19.381011Z", "ticker": "KXWTAMATCH-26MAR25RYBPEG-PEG", "taker_side": "yes", "yes_price": 0.68, "no_price": 0.32, "count": 39.0}
{"trade_id": "69756bc7-c954-7306-00fd-3a100fd0f8ff", "timestamp": "2026-03-25T17:56:15.483929Z", "ticker": "KXWTAMATCH-26MAR25RYBPEG-PEG", "taker_side": "yes", "yes_price": 0.67, "no_price": 0.33, "count": 14.0}
{"trade_id": "6b14bd92-bf88-677a-01df-7df5c3e291ab", "timestamp": "2026-03-25T17:56:13.490199Z", "ticker": "KXWTAMATCH-26MAR25RYBPEG-PEG", "taker_side": "yes", "yes_price": 0.67, "no_price": 0.33, "count": 144.0}
{"trade_id": "8ca2d737-6fc8-68a2-022a-8fe1d5d68983", "timestamp": "2026-03-25T17:56:11.562704Z", "ticker": "KXWTAMATCH-26MAR25RYBPEG-PEG", "taker_side": "yes", "yes_price": 0.67, "no_price": 0.33, "count": 2042.0}
{"trade_id": "4f2c9e39-802c-7b66-eb8e-49aa47ebd487", "timestamp": "2026-03-25T17:56:11.061139Z", "ticker": "KXWTAMATCH-26MAR25RYBPEG-PEG", "taker_side": "yes", "yes_price": 0.67, "no_price": 0.33, "count": 43.0}
{"trade_id": "42691214-4f7d-43d3-8fc6-b9addcae4134", "timestamp": "2026-03-25T17:56:06.480909Z", "ticker": "KXWTAMATCH-26MAR25RYBPEG-PEG", "taker_side": "no", "yes_price": 0.66, "no_price": 0.34, "count": 20.0}
{"trade_id": "ce6bf15b-7e94-663a-bf79-39d0b1a1671f", "timestamp": "2026-03-25T17:56:01.810346Z", "ticker": "KXWTAMATCH-26MAR25RYBPEG-PEG", "taker_side": "yes", "yes_price": 0.67, "no_price": 0.33, "count": 36.0}
{"trade_id": "250b24eb-0fad-74f8-a2ec-47e1426a2562", "timestamp": "2026-03-25T17:56:01.295582Z", "ticker": "KXWTAMATCH-26MAR25RYBPEG-PEG", "taker_side": "no", "yes_price": 0.66, "no_price": 0.34, "count": 48.0}
{"trade_id": "5233a838-a240-48a7-90a0-8e4214b86320", "timestamp": "2026-03-25T17:55:56.855234Z", "ticker": "KXWTAMATCH-26MAR25RYBPEG-PEG", "taker_side": "yes", "yes_price": 0.66, "no_price": 0.34, "count": 20.0}
{"trade_id": "404174d6-a724-4ec1-9641-81c85af85c2b", "timestamp": "2026-03-25T17:55:56.855234Z", "ticker": "KXWTAMATCH-26MAR25RYBPEG-PEG", "taker_side": "yes", "yes_price": 0.66, "no_price": 0.34, "count": 10.0}
{"trade_id": "1883759a-3aa8-4643-8fdb-480d79361372", "timestamp": "2026-03-25T17:55:56.855234Z", "ticker": "KXWTAMATCH-26MAR25RYBPEG-PEG", "taker_side": "yes", "yes_price": 0.66, "no_price": 0.34, "count": 20.0}
{"trade_id": "f2b25929-13c9-7a16-e673-6bbeccaca6be", "timestamp": "2026-03-25T17:55:54.745345Z", "ticker": "KXWTAMATCH-26MAR25RYBPEG-PEG", "taker_side": "yes", "yes_price": 0.66, "no_price": 0.34, "count": 18.0}
{"trade_id": "fd4a2028-dc7e-7595-b123-975551a64fec", "timestamp": "2026-03-25T17:55:54.594747Z", "ticker": "KXWTAMATCH-26MAR25RYBPEG-PEG", "taker_side": "yes", "yes_price": 0.65, "no_price": 0.35, "count": 199.0}
{"trade_id": "fcb509fb-1564-754a-b2f3-afbc749ca61a", "timestamp": "2026-03-25T17:55:54.594747Z", "ticker": "KXWTAMATCH-26MAR25RYBPEG-PEG", "taker_side": "yes", "yes_price": 0.65, "no_price": 0.35, "count": 199.0}
{"trade_id": "fb5c258e-69e2-72c1-873a-a61f224d8dd6", "timestamp": "2026-03-25T17:55:54.594747Z", "ticker": "KXWTAMATCH-26MAR25RYBPEG-PEG", "taker_side": "yes", "yes_price": 0.65, "no_price": 0.35, "count": 180.0}
{"trade_id": "ce2c306e-b7eb-7a48-9257-96b8c26d6e43", "timestamp": "2026-03-25T17:55:54.594747Z", "ticker": "KXWTAMATCH-26MAR25RYBPEG-PEG", "taker_side": "yes", "yes_price": 0.65, "no_price": 0.35, "count": 180.0}
{"trade_id": "cd10c120-d100-736e-a9a9-e198034fc52f", "timestamp": "2026-03-25T17:55:54.594747Z", "ticker": "KXWTAMATCH-26MAR25RYBPEG-PEG", "taker_side": "yes", "yes_price": 0.64, "no_price": 0.36, "count": 5.0}
{"trade_id": "c6040d22-e4e6-754c-a5ab-a81eb7b4a15f", "timestamp": "2026-03-25T17:55:54.594747Z", "ticker": "KXWTAMATCH-26MAR25RYBPEG-PEG", "taker_side": "yes", "yes_price": 0.64, "no_price": 0.36, "count": 30.0}
{"trade_id": "c45a28b6-a792-7a54-a6aa-389022f688af", "timestamp": "2026-03-25T17:55:54.594747Z", "ticker": "KXWTAMATCH-26MAR25RYBPEG-PEG", "taker_side": "yes", "yes_price": 0.65, "no_price": 0.35, "count": 199.0}
{"trade_id": "ad6ac117-5464-74c7-b7f9-e36835a34e23", "timestamp": "2026-03-25T17:55:54.594747Z", "ticker": "KXWTAMATCH-26MAR25RYBPEG-PEG", "taker_side": "yes", "yes_price": 0.65, "no_price": 0.35, "count": 902.0}
{"trade_id": "a25a1ad9-b8e4-7b1c-8c9d-684e6c0f6091", "timestamp": "2026-03-25T17:55:54.594747Z", "ticker": "KXWTAMATCH-26MAR25RYBPEG-PEG", "taker_side": "yes", "yes_price": 0.65, "no_price": 0.35, "count": 199.0}
{"trade_id": "9f8de7ff-7c97-719a-9abe-4c5e45ff08bf", "timestamp": "2026-03-25T17:55:54.594747Z", "ticker": "KXWTAMATCH-26MAR25RYBPEG-PEG", "taker_side": "yes", "yes_price": 0.65, "no_price": 0.35, "count": 40.0}
{"trade_id": "c50b5e3d-65e8-6294-721e-7807fa00b2d6", "timestamp": "2026-03-25T17:57:02.472513Z", "ticker": "KXWTAMATCH-26MAR25RYBPEG-PEG", "taker_side": "yes", "yes_price": 0.61, "no_price": 0.39, "count": 79.0}
{"trade_id": "e56affa2-2cd6-49b8-284c-d93f77ed88b5", "timestamp": "2026-03-25T17:56:59.064173Z", "ticker": "KXWTAMATCH-26MAR25RYBPEG-PEG", "taker_side": "no", "yes_price": 0.61, "no_price": 0.39, "count": 492.0}
{"trade_id": "e36bd1b2-0324-5070-d30f-c3917a4763f4", "timestamp": "2026-03-25T17:56:55.276252Z", "ticker": "KXWTAMATCH-26MAR25RYBPEG-PEG", "taker_side": "no", "yes_price": 0.63, "no_price": 0.37, "count": 1.0}
{"trade_id": "68c7e6fe-9378-51a0-fccc-535dcde656b8", "timestamp": "2026-03-25T17:56:51.975934Z", "ticker": "KXWTAMATCH-26MAR25RYBPEG-PEG", "taker_side": "yes", "yes_price": 0.64, "no_price": 0.36, "count": 73.0}
{"trade_id": "89ce219d-b824-50c0-a4ba-9fe1c1c17e1c", "timestamp": "2026-03-25T17:56:51.674364Z", "ticker": "KXWTAMATCH-26MAR25RYBPEG-PEG", "taker_side": "yes", "yes_price": 0.64, "no_price": 0.36, "count": 1515.0}
{"trade_id": "100dbc39-775b-6d31-78dd-cf1ccb9a2cac", "timestamp": "2026-03-25T17:56:49.482683Z", "ticker": "KXWTAMATCH-26MAR25RYBPEG-PEG", "taker_side": "no", "yes_price": 0.63, "no_price": 0.37, "count": 55.0}
{"trade_id": "71803bf7-c52c-62f4-fb13-e336f08823f8", "timestamp": "2026-03-25T17:56:48.610364Z", "ticker": "KXWTAMATCH-26MAR25RYBPEG-PEG", "taker_side": "yes", "yes_price": 0.64, "no_price": 0.36, "count": 141.0}
{"trade_id": "796ba400-ac0b-53e5-dea6-6d26257b0934", "timestamp": "2026-03-25T17:56:45.748289Z", "ticker": "KXWTAMATCH-26MAR25RYBPEG-PEG", "taker_side": "no", "yes_price": 0.63, "no_price": 0.37, "count": 515.0}
{"trade_id": "f87ba1f8-9cb4-4fc0-2038-75dd050d96b8", "timestamp": "2026-03-25T17:56:42.752789Z", "ticker": "KXWTAMATCH-26MAR25RYBPEG-PEG", "taker_side": "yes", "yes_price": 0.64, "no_price": 0.36, "count": 1515.0}
{"trade_id": "8a2522fa-972c-6a2c-ed2a-86303f4ec970", "timestamp": "2026-03-25T17:56:42.698746Z", "ticker": "KXWTAMATCH-26MAR25RYBPEG-PEG", "taker_side": "yes", "yes_price": 0.64, "no_price": 0.36, "count": 50.0}
{"trade_id": "67dedad5-2350-5b78-949c-9b92f764003c", "timestamp": "2026-03-25T17:56:41.804285Z", "ticker": "KXWTAMATCH-26MAR25RYBPEG-PEG", "taker_side": "yes", "yes_price": 0.64, "no_price": 0.36, "count": 7575.0}
{"trade_id": "e8b5dbc5-d260-500c-d330-d97a99e031d8", "timestamp": "2026-03-25T17:56:37.602774Z", "ticker": "KXWTAMATCH-26MAR25RYBPEG-PEG", "taker_side": "yes", "yes_price": 0.64, "no_price": 0.36, "count": 1.0}
{"trade_id": "a9e1e40a-a39c-60a8-2d71-5caa04ff8105", "timestamp": "2026-03-25T17:56:35.66472Z", "ticker": "KXWTAMATCH-26MAR25RYBPEG-PEG", "taker_side": "no", "yes_price": 0.64, "no_price": 0.36, "count": 5.0}
{"trade_id": "3e08e32d-78a0-40b3-e787-f581d9b6d284", "timestamp": "2026-03-25T17:56:35.563812Z", "ticker": "KXWTAMATCH-26MAR25RYBPEG-PEG", "taker_side": "yes", "yes_price": 0.65, "no_price": 0.35, "count": 298.0}
{"trade_id": "f838effd-ce80-56b3-5b8c-ad8011308010", "timestamp": "2026-03-25T17:56:34.861151Z", "ticker": "KXWTAMATCH-26MAR25RYBPEG-PEG", "taker_side": "yes", "yes_price": 0.65, "no_price": 0.35, "count": 7.0}
{"trade_id": "94c62ca0-1edc-7ed3-5ba7-fe3ab4885c24", "timestamp": "2026-03-25T17:56:34.375523Z", "ticker": "KXWTAMATCH-26MAR25RYBPEG-PEG", "taker_side": "yes", "yes_price": 0.65, "no_price": 0.35, "count": 5.0}
{"trade_id": "dcaa1bd9-5cfc-7df3-31c4-8a5271b63500", "timestamp": "2026-03-25T17:56:34.12378Z", "ticker": "KXWTAMATCH-26MAR25RYBPEG-PEG", "taker_side": "no", "yes_price": 0.67, "no_price": 0.33, "count": 300.0}
{"trade_id": "b104d086-1f3f-7568-04b4-f20439bb9f8b", "timestamp": "2026-03-25T17:56:34.12378Z", "ticker": "KXWTAMATCH-26MAR25RYBPEG-PEG", "taker_side": "no", "yes_price": 0.65, "no_price": 0.35, "count": 10.0}
{"trade_id": "414a2ef5-1f32-7886-2160-d767e14e0da5", "timestamp": "2026-03-25T17:56:34.12378Z", "ticker": "KXWTAMATCH-26MAR25RYBPEG-PEG", "taker_side": "no", "yes_price": 0.66, "no_price": 0.34, "count": 50.0}
{"trade_id": "12f40d7c-d693-782a-21c5-be56d88950ad", "timestamp": "2026-03-25T17:56:34.12378Z", "ticker": "KXWTAMATCH-26MAR25RYBPEG-PEG", "taker_side": "no", "yes_price": 0.68, "no_price": 0.32, "count": 492.0}
{"trade_id": "f98d6279-42b5-6368-efd8-213572a767c5", "timestamp": "2026-03-25T17:56:30.576022Z", "ticker": "KXWTAMATCH-26MAR25RYBPEG-PEG", "taker_side": "yes", "yes_price": 0.67, "no_price": 0.33, "count": 187.0}
{"trade_id": "399fdace-3a9a-6be5-f565-026f78a0fe2e", "timestamp": "2026-03-25T17:56:30.576022Z", "ticker": "KXWTAMATCH-26MAR25RYBPEG-PEG", "taker_side": "yes", "yes_price": 0.67, "no_price": 0.33, "count": 172.0}
{"trade_id": "452f0be4-5d4d-5b40-9907-0e5e67eb506b", "timestamp": "2026-03-25T17:56:29.880834Z", "ticker": "KXWTAMATCH-26MAR25RYBPEG-PEG", "taker_side": "yes", "yes_price": 0.67, "no_price": 0.33, "count": 7.0}
{"trade_id": "e8443d72-055d-4a70-b963-0d604f55c7db", "timestamp": "2026-03-25T17:56:24.933894Z", "ticker": "KXWTAMATCH-26MAR25RYBPEG-PEG", "taker_side": "yes", "yes_price": 0.67, "no_price": 0.33, "count": 39.0}
{"trade_id": "55e04ae8-5239-7574-9917-b40c9b7149cf", "timestamp": "2026-03-25T17:56:23.510077Z", "ticker": "KXWTAMATCH-26MAR25RYBPEG-PEG", "taker_side": "yes", "yes_price": 0.67, "no_price": 0.33, "count": 208.0}
{"trade_id": "4616667a-1b69-53a8-070b-12fafa5a6c7f", "timestamp": "2026-03-25T17:56:23.121518Z", "ticker": "KXWTAMATCH-26MAR25RYBPEG-PEG", "taker_side": "yes", "yes_price": 0.67, "no_price": 0.33, "count": 1.0}
{"trade_id": "c6908c2e-56e5-601b-9cc6-452dd66905aa", "timestamp": "2026-03-25T17:56:21.989309Z", "ticker": "KXWTAMATCH-26MAR25RYBPEG-PEG", "taker_side": "no", "yes_price": 0.66, "no_price": 0.34, "count": 8.0}
{"trade_id": "dc86da28-ef31-5d44-8d7a-a648c57c69fd", "timestamp": "2026-03-25T17:56:21.301255Z", "ticker": "KXWTAMATCH-26MAR25RYBPEG-PEG", "taker_side": "yes", "yes_price": 0.68, "no_price": 0.32, "count": 1.0}
{"trade_id": "b7005cbb-d109-408c-021a-b262c060a605", "timestamp": "2026-03-25T17:56:19.414241Z", "ticker": "KXWTAMATCH-26MAR25RYBPEG-PEG", "taker_side": "yes", "yes_price": 0.68, "no_price": 0.32, "count": 4.0}
{"trade_id": "c041f405-784d-62f8-95eb-e1d24f04c8b1", "timestamp": "2026-03-25T17:56:19.381011Z", "ticker": "KXWTAMATCH-26MAR25RYBPEG-PEG", "taker_side": "yes", "yes_price": 0.68, "no_price": 0.32, "count": 39.0}
{"trade_id": "69756bc7-c954-7306-00fd-3a100fd0f8ff", "timestamp": "2026-03-25T17:56:15.483929Z", "ticker": "KXWTAMATCH-26MAR25RYBPEG-PEG", "taker_side": "yes", "yes_price": 0.67, "no_price": 0.33, "count": 14.0}
{"trade_id": "6b14bd92-bf88-677a-01df-7df5c3e291ab", "timestamp": "2026-03-25T17:56:13.490199Z", "ticker": "KXWTAMATCH-26MAR25RYBPEG-PEG", "taker_side": "yes", "yes_price": 0.67, "no_price": 0.33, "count": 144.0}
{"trade_id": "8ca2d737-6fc8-68a2-022a-8fe1d5d68983", "timestamp": "2026-03-25T17:56:11.562704Z", "ticker": "KXWTAMATCH-26MAR25RYBPEG-PEG", "taker_side": "yes", "yes_price": 0.67, "no_price": 0.33, "count": 2042.0}
{"trade_id": "4f2c9e39-802c-7b66-eb8e-49aa47ebd487", "timestamp": "2026-03-25T17:56:11.061139Z", "ticker": "KXWTAMATCH-26MAR25RYBPEG-PEG", "taker_side": "yes", "yes_price": 0.67, "no_price": 0.33, "count": 43.0}
{"trade_id": "42691214-4f7d-43d3-8fc6-b9addcae4134", "timestamp": "2026-03-25T17:56:06.480909Z", "ticker": "KXWTAMATCH-26MAR25RYBPEG-PEG", "taker_side": "no", "yes_price": 0.66, "no_price": 0.34, "count": 20.0}
{"trade_id": "ce6bf15b-7e94-663a-bf79-39d0b1a1671f", "timestamp": "2026-03-25T17:56:01.810346Z", "ticker": "KXWTAMATCH-26MAR25RYBPEG-PEG", "taker_side": "yes", "yes_price": 0.67, "no_price": 0.33, "count": 36.0}
{"trade_id": "250b24eb-0fad-74f8-a2ec-47e1426a2562", "timestamp": "2026-03-25T17:56:01.295582Z", "ticker": "KXWTAMATCH-26MAR25RYBPEG-PEG", "taker_side": "no", "yes_price": 0.66, "no_price": 0.34, "count": 48.0}
{"trade_id": "5233a838-a240-48a7-90a0-8e4214b86320", "timestamp": "2026-03-25T17:55:56.855234Z", "ticker": "KXWTAMATCH-26MAR25RYBPEG-PEG", "taker_side": "yes", "yes_price": 0.66, "no_price": 0.34, "count": 20.0}
{"trade_id": "404174d6-a724-4ec1-9641-81c85af85c2b", "timestamp": "2026-03-25T17:55:56.855234Z", "ticker": "KXWTAMATCH-26MAR25RYBPEG-PEG", "taker_side": "yes", "yes_price": 0.66, "no_price": 0.34, "count": 10.0}
{"trade_id": "1883759a-3aa8-4643-8fdb-480d79361372", "timestamp": "2026-03-25T17:55:56.855234Z", "ticker": "KXWTAMATCH-26MAR25RYBPEG-PEG", "taker_side": "yes", "yes_price": 0.66, "no_price": 0.34, "count": 20.0}
{"trade_id": "f2b25929-13c9-7a16-e673-6bbeccaca6be", "timestamp": "2026-03-25T17:55:54.745345Z", "ticker": "KXWTAMATCH-26MAR25RYBPEG-PEG", "taker_side": "yes", "yes_price": 0.66, "no_price": 0.34, "count": 18.0}
{"trade_id": "fd4a2028-dc7e-7595-b123-975551a64fec", "timestamp": "2026-03-25T17:55:54.594747Z", "ticker": "KXWTAMATCH-26MAR25RYBPEG-PEG", "taker_side": "yes", "yes_price": 0.65, "no_price": 0.35, "count": 199.0}
{"trade_id": "fcb509fb-1564-754a-b2f3-afbc749ca61a", "timestamp": "2026-03-25T17:55:54.594747Z", "ticker": "KXWTAMATCH-26MAR25RYBPEG-PEG", "taker_side": "yes", "yes_price": 0.65, "no_price": 0.35, "count": 199.0}
{"trade_id": "fb5c258e-69e2-72c1-873a-a61f224d8dd6", "timestamp": "2026-03-25T17:55:54.594747Z", "ticker": "KXWTAMATCH-26MAR25RYBPEG-PEG", "taker_side": "yes", "yes_price": 0.65, "no_price": 0.35, "count": 180.0}
{"trade_id": "ce2c306e-b7eb-7a48-9257-96b8c26d6e43", "timestamp": "2026-03-25T17:55:54.594747Z", "ticker": "KXWTAMATCH-26MAR25RYBPEG-PEG", "taker_side": "yes", "yes_price": 0.65, "no_price": 0.35, "count": 180.0}
{"trade_id": "cd10c120-d100-736e-a9a9-e198034fc52f", "timestamp": "2026-03-25T17:55:54.594747Z", "ticker": "KXWTAMATCH-26MAR25RYBPEG-PEG", "taker_side": "yes", "yes_price": 0.64, "no_price": 0.36, "count": 5.0}
{"trade_id": "c6040d22-e4e6-754c-a5ab-a81eb7b4a15f", "timestamp": "2026-03-25T17:55:54.594747Z", "ticker": "KXWTAMATCH-26MAR25RYBPEG-PEG", "taker_side": "yes", "yes_price": 0.64, "no_price": 0.36, "count": 30.0}
{"trade_id": "c45a28b6-a792-7a54-a6aa-389022f688af", "timestamp": "2026-03-25T17:55:54.594747Z", "ticker": "KXWTAMATCH-26MAR25RYBPEG-PEG", "taker_side": "yes", "yes_price": 0.65, "no_price": 0.35, "count": 199.0}
{"trade_id": "ad6ac117-5464-74c7-b7f9-e36835a34e23", "timestamp": "2026-03-25T17:55:54.594747Z", "ticker": "KXWTAMATCH-26MAR25RYBPEG-PEG", "taker_side": "yes", "yes_price": 0.65, "no_price": 0.35, "count": 902.0}
{"trade_id": "a25a1ad9-b8e4-7b1c-8c9d-684e6c0f6091", "timestamp": "2026-03-25T17:55:54.594747Z", "ticker": "KXWTAMATCH-26MAR25RYBPEG-PEG", "taker_side": "yes", "yes_price": 0.65, "no_price": 0.35, "count": 199.0}
{"trade_id": "e5d22c12-56e4-522c-8a19-2e3ca9b087e2", "timestamp": "2026-03-25T17:57:04.755476Z", "ticker": "KXWTAMATCH-26MAR25RYBPEG-PEG", "taker_side": "yes", "yes_price": 0.61, "no_price": 0.39, "count": 103.0}
{"trade_id": "b243d53d-18bc-5474-4aa2-785c367f91a2", "timestamp": "2026-03-25T17:57:06.165716Z", "ticker": "KXWTAMATCH-26MAR25RYBPEG-PEG", "taker_side": "yes", "yes_price": 0.61, "no_price": 0.39, "count": 478.0}
{"trade_id": "e8f8247c-40b8-7e15-8cbe-6fd3c8bd73a9", "timestamp": "2026-03-25T17:57:09.682732Z", "ticker": "KXWTAMATCH-26MAR25RYBPEG-PEG", "taker_side": "no", "yes_price": 0.6, "no_price": 0.4, "count": 7.0}
{"trade_id": "a090c94f-44ca-7009-983b-3fdbd81b5088", "timestamp": "2026-03-25T17:57:09.682732Z", "ticker": "KXWTAMATCH-26MAR25RYBPEG-PEG", "taker_side": "no", "yes_price": 0.6, "no_price": 0.4, "count": 1.0}
{"trade_id": "8aede63d-e2c8-79e9-b25b-d854083715ce", "timestamp": "2026-03-25T17:57:09.682732Z", "ticker": "KXWTAMATCH-26MAR25RYBPEG-PEG", "taker_side": "no", "yes_price": 0.6, "no_price": 0.4, "count": 581.0}
{"trade_id": "17edb21f-b4e8-69b0-98b2-53a5fe7be8ea", "timestamp": "2026-03-25T17:57:09.567153Z", "ticker": "KXWTAMATCH-26MAR25RYBPEG-PEG", "taker_side": "yes", "yes_price": 0.61, "no_price": 0.39, "count": 18.0}
{"trade_id": "d146be5d-d230-47c0-b0a1-859d047fc1b2", "timestamp": "2026-03-25T17:57:09.376575Z", "ticker": "KXWTAMATCH-26MAR25RYBPEG-PEG", "taker_side": "yes", "yes_price": 0.61, "no_price": 0.39, "count": 2.0}
{"trade_id": "15e5f2b3-1548-69d0-e9fb-47c8e33e98f2", "timestamp": "2026-03-25T17:57:12.626914Z", "ticker": "KXWTAMATCH-26MAR25RYBPEG-PEG", "taker_side": "yes", "yes_price": 0.61, "no_price": 0.39, "count": 157.0}
{"trade_id": "896d4a4b-de18-4991-4bfa-1f2104de8ade", "timestamp": "2026-03-25T17:57:13.352192Z", "ticker": "KXWTAMATCH-26MAR25RYBPEG-PEG", "taker_side": "no", "yes_price": 0.6, "no_price": 0.4, "count": 179.0}
{"trade_id": "8327bb28-0250-64d8-b417-9c2c1422dd76", "timestamp": "2026-03-25T17:57:18.017142Z", "ticker": "KXWTAMATCH-26MAR25RYBPEG-PEG", "taker_side": "yes", "yes_price": 0.61, "no_price": 0.39, "count": 3.0}
{"trade_id": "88841dfc-7e88-4334-1d1e-a4d6e14fc11e", "timestamp": "2026-03-25T17:57:19.209906Z", "ticker": "KXWTAMATCH-26MAR25RYBPEG-PEG", "taker_side": "yes", "yes_price": 0.61, "no_price": 0.39, "count": 1206.0}
{"trade_id": "1b9d5cd2-8bbc-7c55-e158-7b9115868cd2", "timestamp": "2026-03-25T17:57:21.640008Z", "ticker": "KXWTAMATCH-26MAR25RYBPEG-PEG", "taker_side": "no", "yes_price": 0.6, "no_price": 0.4, "count": 300.0}
{"trade_id": "cfb9ef4f-c70c-4c30-e515-b7f150d487ae", "timestamp": "2026-03-25T17:57:21.142945Z", "ticker": "KXWTAMATCH-26MAR25RYBPEG-PEG", "taker_side": "yes", "yes_price": 0.61, "no_price": 0.39, "count": 5.0}
{"trade_id": "5d9f20a0-7240-5b58-3970-fd27d8d9d182", "timestamp": "2026-03-25T17:57:22.570915Z", "ticker": "KXWTAMATCH-26MAR25RYBPEG-PEG", "taker_side": "yes", "yes_price": 0.61, "no_price": 0.39, "count": 109.0}
{"trade_id": "0a1ed8ac-53a0-7938-ab6a-d6279a68c6ea", "timestamp": "2026-03-25T17:57:24.300435Z", "ticker": "KXWTAMATCH-26MAR25RYBPEG-PEG", "taker_side": "yes", "yes_price": 0.61, "no_price": 0.39, "count": 15.0}
{"trade_id": "491d495c-723c-714c-62e9-a298f8e6c6f2", "timestamp": "2026-03-25T17:57:26.820438Z", "ticker": "KXWTAMATCH-26MAR25RYBPEG-PEG", "taker_side": "yes", "yes_price": 0.61, "no_price": 0.39, "count": 100.0}
{"trade_id": "87a853d3-5fc8-5c10-45c2-76bed77ba32e", "timestamp": "2026-03-25T17:57:31.476549Z", "ticker": "KXWTAMATCH-26MAR25RYBPEG-PEG", "taker_side": "yes", "yes_price": 0.61, "no_price": 0.39, "count": 4.0}
{"trade_id": "afbb0580-0f94-7845-9605-2e1f567a25de", "timestamp": "2026-03-25T17:57:32.265963Z", "ticker": "KXWTAMATCH-26MAR25RYBPEG-PEG", "taker_side": "no", "yes_price": 0.6, "no_price": 0.4, "count": 4.0}
{"trade_id": "ad176f1c-edd8-4cb0-bf8b-fe971ba4e796", "timestamp": "2026-03-25T17:57:33.827396Z", "ticker": "KXWTAMATCH-26MAR25RYBPEG-PEG", "taker_side": "yes", "yes_price": 0.61, "no_price": 0.39, "count": 79.0}
{"trade_id": "c53365be-5bc0-6548-9a48-1263fd13f12e", "timestamp": "2026-03-25T17:57:34.992808Z", "ticker": "KXWTAMATCH-26MAR25RYBPEG-PEG", "taker_side": "yes", "yes_price": 0.61, "no_price": 0.39, "count": 555.0}
{"trade_id": "06a769bf-f978-4ef0-c2ba-601c4aaacfd2", "timestamp": "2026-03-25T17:57:36.388909Z", "ticker": "KXWTAMATCH-26MAR25RYBPEG-PEG", "taker_side": "yes", "yes_price": 0.61, "no_price": 0.39, "count": 525.0}
{"trade_id": "d6364164-bbe8-4080-c91e-ff50fa779da6", "timestamp": "2026-03-25T17:57:37.229157Z", "ticker": "KXWTAMATCH-26MAR25RYBPEG-PEG", "taker_side": "yes", "yes_price": 0.61, "no_price": 0.39, "count": 73.0}
{"trade_id": "ad69e5d3-d298-4278-2718-2838b8309a2e", "timestamp": "2026-03-25T17:57:42.661641Z", "ticker": "KXWTAMATCH-26MAR25RYBPEG-PEG", "taker_side": "yes", "yes_price": 0.61, "no_price": 0.39, "count": 135.0}
{"trade_id": "b2ddecfd-a500-7690-2fd4-1ad3415a1972", "timestamp": "2026-03-25T17:57:42.332265Z", "ticker": "KXWTAMATCH-26MAR25RYBPEG-PEG", "taker_side": "yes", "yes_price": 0.61, "no_price": 0.39, "count": 1177.0}
{"trade_id": "b8a6a81f-8b00-76c0-c2b2-593cc8d4d456", "timestamp": "2026-03-25T17:57:43.223081Z", "ticker": "KXWTAMATCH-26MAR25RYBPEG-PEG", "taker_side": "yes", "yes_price": 0.61, "no_price": 0.39, "count": 39.0}
{"trade_id": "6897c4b1-5b18-42ac-e6af-11e239362c8a", "timestamp": "2026-03-25T17:57:44.562557Z", "ticker": "KXWTAMATCH-26MAR25RYBPEG-PEG", "taker_side": "yes", "yes_price": 0.61, "no_price": 0.39, "count": 15.0}
{"trade_id": "9550af55-e644-4ca8-6ae4-24084eb0fab2", "timestamp": "2026-03-25T17:57:47.433005Z", "ticker": "KXWTAMATCH-26MAR25RYBPEG-PEG", "taker_side": "yes", "yes_price": 0.61, "no_price": 0.39, "count": 31.0}
{"trade_id": "ad23084e-1b76-60da-0740-c94025cbf455", "timestamp": "2026-03-25T17:57:48.183735Z", "ticker": "KXWTAMATCH-26MAR25RYBPEG-PEG", "taker_side": "yes", "yes_price": 0.61, "no_price": 0.39, "count": 199.0}
{"trade_id": "9627b8a1-0d1c-6605-0f39-7854e8c52060", "timestamp": "2026-03-25T17:57:48.183735Z", "ticker": "KXWTAMATCH-26MAR25RYBPEG-PEG", "taker_side": "yes", "yes_price": 0.61, "no_price": 0.39, "count": 199.0}
{"trade_id": "797853d8-e3e8-6d98-0a5a-d7258394ecba", "timestamp": "2026-03-25T17:57:48.183735Z", "ticker": "KXWTAMATCH-26MAR25RYBPEG-PEG", "taker_side": "yes", "yes_price": 0.61, "no_price": 0.39, "count": 14.0}
{"trade_id": "554dc88a-aab9-665d-159f-ad15227ca5c2", "timestamp": "2026-03-25T17:57:48.183735Z", "ticker": "KXWTAMATCH-26MAR25RYBPEG-PEG", "taker_side": "yes", "yes_price": 0.61, "no_price": 0.39, "count": 88.0}
{"trade_id": "9a1a86c0-394c-7078-521a-e9928d599eb6", "timestamp": "2026-03-25T17:57:48.09013Z", "ticker": "KXWTAMATCH-26MAR25RYBPEG-PEG", "taker_side": "yes", "yes_price": 0.61, "no_price": 0.39, "count": 1.0}
{"trade_id": "c9f701c1-87a1-796d-3bdd-db46c5c6e4b2", "timestamp": "2026-03-25T17:57:50.188966Z", "ticker": "KXWTAMATCH-26MAR25RYBPEG-PEG", "taker_side": "yes", "yes_price": 0.61, "no_price": 0.39, "count": 111.0}
{"trade_id": "7bdd8263-4e0b-75b5-04bb-d0912be4b6e5", "timestamp": "2026-03-25T17:57:50.188966Z", "ticker": "KXWTAMATCH-26MAR25RYBPEG-PEG", "taker_side": "yes", "yes_price": 0.61, "no_price": 0.39, "count": 47.0}
{"trade_id": "f2c57a2d-ea66-53ad-751c-9ca9fce69d48", "timestamp": "2026-03-25T17:57:53.702738Z", "ticker": "KXWTAMATCH-26MAR25RYBPEG-PEG", "taker_side": "yes", "yes_price": 0.61, "no_price": 0.39, "count": 199.0}
{"trade_id": "ec8fafd0-ed56-5352-42b3-b27bd5e2c7b8", "timestamp": "2026-03-25T17:57:53.702738Z", "ticker": "KXWTAMATCH-26MAR25RYBPEG-PEG", "taker_side": "yes", "yes_price": 0.61, "no_price": 0.39, "count": 199.0}
{"trade_id": "df78bbe2-fe4c-5c4a-77f9-40a6d3079838", "timestamp": "2026-03-25T17:57:53.702738Z", "ticker": "KXWTAMATCH-26MAR25RYBPEG-PEG", "taker_side": "yes", "yes_price": 0.61, "no_price": 0.39, "count": 200.0}
{"trade_id": "db3ea6da-ff28-537d-7678-e5c48e55dfea", "timestamp": "2026-03-25T17:57:53.702738Z", "ticker": "KXWTAMATCH-26MAR25RYBPEG-PEG", "taker_side": "yes", "yes_price": 0.61, "no_price": 0.39, "count": 199.0}
{"trade_id": "d9ec260f-e7c7-57fc-6ba5-0f3b9984d849", "timestamp": "2026-03-25T17:57:53.702738Z", "ticker": "KXWTAMATCH-26MAR25RYBPEG-PEG", "taker_side": "yes", "yes_price": 0.61, "no_price": 0.39, "count": 199.0}
{"trade_id": "d53115ec-5029-530e-5af6-208b21438da0", "timestamp": "2026-03-25T17:57:53.702738Z", "ticker": "KXWTAMATCH-26MAR25RYBPEG-PEG", "taker_side": "yes", "yes_price": 0.61, "no_price": 0.39, "count": 199.0}
{"trade_id": "d0bf8dd4-1e14-5b5c-7c6d-51ba12557e93", "timestamp": "2026-03-25T17:57:53.702738Z", "ticker": "KXWTAMATCH-26MAR25RYBPEG-PEG", "taker_side": "yes", "yes_price": 0.61, "no_price": 0.39, "count": 999.0}
{"trade_id": "c252067e-e5d7-5501-5f19-155d4f31b274", "timestamp": "2026-03-25T17:57:53.702738Z", "ticker": "KXWTAMATCH-26MAR25RYBPEG-PEG", "taker_side": "yes", "yes_price": 0.61, "no_price": 0.39, "count": 199.0}
{"trade_id": "af4a5c01-e30e-5d83-5fad-c7c6db38da60", "timestamp": "2026-03-25T17:57:53.702738Z", "ticker": "KXWTAMATCH-26MAR25RYBPEG-PEG", "taker_side": "yes", "yes_price": 0.61, "no_price": 0.39, "count": 199.0}
{"trade_id": "a3e97cd8-b65a-5fde-60ae-6e71cdf8dfbd", "timestamp": "2026-03-25T17:57:53.702738Z", "ticker": "KXWTAMATCH-26MAR25RYBPEG-PEG", "taker_side": "yes", "yes_price": 0.61, "no_price": 0.39, "count": 999.0}
{"trade_id": "9b7b6155-51a0-5584-5681-25f306f5cec3", "timestamp": "2026-03-25T17:57:53.702738Z", "ticker": "KXWTAMATCH-26MAR25RYBPEG-PEG", "taker_side": "yes", "yes_price": 0.61, "no_price": 0.39, "count": 199.0}
{"trade_id": "92e29c74-3912-59e9-5ccc-c88aebe6cc85", "timestamp": "2026-03-25T17:57:53.702738Z", "ticker": "KXWTAMATCH-26MAR25RYBPEG-PEG", "taker_side": "yes", "yes_price": 0.61, "no_price": 0.39, "count": 199.0}
{"trade_id": "6c244f73-b3d9-5281-7837-4d8cefff2d00", "timestamp": "2026-03-25T17:57:53.702738Z", "ticker": "KXWTAMATCH-26MAR25RYBPEG-PEG", "taker_side": "yes", "yes_price": 0.61, "no_price": 0.39, "count": 199.0}
{"trade_id": "5d456c78-528f-558f-5fb9-6176682d61de", "timestamp": "2026-03-25T17:57:53.702738Z", "ticker": "KXWTAMATCH-26MAR25RYBPEG-PEG", "taker_side": "yes", "yes_price": 0.61, "no_price": 0.39, "count": 199.0}
{"trade_id": "54bc6ed7-667a-5e64-64e4-4b8b03279eab", "timestamp": "2026-03-25T17:57:53.702738Z", "ticker": "KXWTAMATCH-26MAR25RYBPEG-PEG", "taker_side": "yes", "yes_price": 0.61, "no_price": 0.39, "count": 999.0}
{"trade_id": "51c6e923-ac41-5d2c-6e6a-e9a21253f7af", "timestamp": "2026-03-25T17:57:53.702738Z", "ticker": "KXWTAMATCH-26MAR25RYBPEG-PEG", "taker_side": "yes", "yes_price": 0.61, "no_price": 0.39, "count": 1000.0}
{"trade_id": "34160134-95f2-556c-54a6-112b6747a98a", "timestamp": "2026-03-25T17:57:53.702738Z", "ticker": "KXWTAMATCH-26MAR25RYBPEG-PEG", "taker_side": "yes", "yes_price": 0.61, "no_price": 0.39, "count": 999.0}
{"trade_id": "2d629787-6f2f-5549-4a90-2a6f754b7b04", "timestamp": "2026-03-25T17:57:53.702738Z", "ticker": "KXWTAMATCH-26MAR25RYBPEG-PEG", "taker_side": "yes", "yes_price": 0.61, "no_price": 0.39, "count": 999.0}
{"trade_id": "23c6ece1-872b-5c5d-6784-a12a5141d89d", "timestamp": "2026-03-25T17:57:53.702738Z", "ticker": "KXWTAMATCH-26MAR25RYBPEG-PEG", "taker_side": "yes", "yes_price": 0.61, "no_price": 0.39, "count": 130.0}
{"trade_id": "23090803-8999-5375-40f4-197d2a8df6fd", "timestamp": "2026-03-25T17:57:53.702738Z", "ticker": "KXWTAMATCH-26MAR25RYBPEG-PEG", "taker_side": "yes", "yes_price": 0.61, "no_price": 0.39, "count": 199.0}
{"trade_id": "7d34eb32-ece3-79b1-9503-df19109093d5", "timestamp": "2026-03-25T17:57:53.522672Z", "ticker": "KXWTAMATCH-26MAR25RYBPEG-PEG", "taker_side": "yes", "yes_price": 0.61, "no_price": 0.39, "count": 2.0}
{"trade_id": "aa7165cf-00e3-4105-7cf8-7ffe6fa71b05", "timestamp": "2026-03-25T17:57:53.354861Z", "ticker": "KXWTAMATCH-26MAR25RYBPEG-PEG", "taker_side": "yes", "yes_price": 0.61, "no_price": 0.39, "count": 20.0}
{"trade_id": "f59d8c1b-ea6f-5a81-d1d5-f040a17a0d68", "timestamp": "2026-03-25T17:57:54.309492Z", "ticker": "KXWTAMATCH-26MAR25RYBPEG-PEG", "taker_side": "yes", "yes_price": 0.62, "no_price": 0.38, "count": 257.0}
{"trade_id": "aac31d89-f1f7-5489-65b8-6186b22e97c4", "timestamp": "2026-03-25T17:57:54.269829Z", "ticker": "KXWTAMATCH-26MAR25RYBPEG-PEG", "taker_side": "yes", "yes_price": 0.62, "no_price": 0.38, "count": 13973.0}
{"trade_id": "8c3ab0bc-1abf-43e0-edb1-be0c905714a3", "timestamp": "2026-03-25T17:57:55.854259Z", "ticker": "KXWTAMATCH-26MAR25RYBPEG-PEG", "taker_side": "yes", "yes_price": 0.62, "no_price": 0.38, "count": 5.0}
{"trade_id": "b9160cb5-1458-696a-8e4f-b696de6ac941", "timestamp": "2026-03-25T17:58:00.6547Z", "ticker": "KXWTAMATCH-26MAR25RYBPEG-PEG", "taker_side": "yes", "yes_price": 0.63, "no_price": 0.37, "count": 7.0}
{"trade_id": "b336115f-0580-4712-eacd-cd0487a6fb65", "timestamp": "2026-03-25T17:58:00.614329Z", "ticker": "KXWTAMATCH-26MAR25RYBPEG-PEG", "taker_side": "yes", "yes_price": 0.63, "no_price": 0.37, "count": 3.0}
{"trade_id": "a8d8a110-6c1c-53d6-eabe-27c5093aa7e9", "timestamp": "2026-03-25T17:58:02.487469Z", "ticker": "KXWTAMATCH-26MAR25RYBPEG-PEG", "taker_side": "yes", "yes_price": 0.63, "no_price": 0.37, "count": 6.0}
{"trade_id": "a1658ae5-c9b8-645e-9610-30612313e359", "timestamp": "2026-03-25T17:58:04.10091Z", "ticker": "KXWTAMATCH-26MAR25RYBPEG-PEG", "taker_side": "yes", "yes_price": 0.63, "no_price": 0.37, "count": 30.0}
{"trade_id": "339a3b16-0078-7f26-0b24-3df38c323511", "timestamp": "2026-03-25T17:58:04.085978Z", "ticker": "KXWTAMATCH-26MAR25RYBPEG-PEG", "taker_side": "yes", "yes_price": 0.63, "no_price": 0.37, "count": 769.0}
{"trade_id": "d9306c72-4740-4546-ff96-1609b8065a6d", "timestamp": "2026-03-25T17:58:03.818627Z", "ticker": "KXWTAMATCH-26MAR25RYBPEG-PEG", "taker_side": "yes", "yes_price": 0.63, "no_price": 0.37, "count": 154.0}
{"trade_id": "c115224a-12b4-6fd2-c444-de11d6b99845", "timestamp": "2026-03-25T17:58:05.483712Z", "ticker": "KXWTAMATCH-26MAR25RYBPEG-PEG", "taker_side": "yes", "yes_price": 0.63, "no_price": 0.37, "count": 50.0}
{"trade_id": "956d473c-fe4c-48c6-f636-7e1fb6d26659", "timestamp": "2026-03-25T17:58:07.215278Z", "ticker": "KXWTAMATCH-26MAR25RYBPEG-PEG", "taker_side": "yes", "yes_price": 0.63, "no_price": 0.37, "count": 1081.0}
{"trade_id": "8f86f737-0e88-6ef2-411f-cbd3e00f4c49", "timestamp": "2026-03-25T17:58:08.11994Z", "ticker": "KXWTAMATCH-26MAR25RYBPEG-PEG", "taker_side": "yes", "yes_price": 0.63, "no_price": 0.37, "count": 77.0}
{"trade_id": "6eddbb49-5f3c-5cd7-8799-324c9850b6ce", "timestamp": "2026-03-25T17:58:10.649423Z", "ticker": "KXWTAMATCH-26MAR25RYBPEG-PEG", "taker_side": "no", "yes_price": 0.62, "no_price": 0.38, "count": 1.0}
{"trade_id": "40918f0e-9e80-66d6-9490-d186de52a991", "timestamp": "2026-03-25T17:58:13.725366Z", "ticker": "KXWTAMATCH-26MAR25RYBPEG-PEG", "taker_side": "yes", "yes_price": 0.63, "no_price": 0.37, "count": 61.0}
{"trade_id": "572b91d8-2b78-5e9e-ab4b-1bfc87a4de15", "timestamp": "2026-03-25T17:58:13.580806Z", "ticker": "KXWTAMATCH-26MAR25RYBPEG-PEG", "taker_side": "yes", "yes_price": 0.63, "no_price": 0.37, "count": 38.0}
{"trade_id": "b59e34fb-d0d8-5dde-e2dd-ee7f9b3905ad", "timestamp": "2026-03-25T17:58:14.457497Z", "ticker": "KXWTAMATCH-26MAR25RYBPEG-PEG", "taker_side": "yes", "yes_price": 0.63, "no_price": 0.37, "count": 50.0}
{"trade_id": "5e2d0e8c-a570-5f7a-8ed6-1476527d5cb5", "timestamp": "2026-03-25T17:58:14.270272Z", "ticker": "KXWTAMATCH-26MAR25RYBPEG-PEG", "taker_side": "yes", "yes_price": 0.63, "no_price": 0.37, "count": 9.0}
{"trade_id": "57e5e352-3908-452a-6da1-ad15a94aa475", "timestamp": "2026-03-25T17:58:14.042651Z", "ticker": "KXWTAMATCH-26MAR25RYBPEG-PEG", "taker_side": "yes", "yes_price": 0.63, "no_price": 0.37, "count": 50.0}
{"trade_id": "eebea29f-7c78-6bd4-ca1c-e8a282a8f25c", "timestamp": "2026-03-25T17:58:15.367955Z", "ticker": "KXWTAMATCH-26MAR25RYBPEG-PEG", "taker_side": "yes", "yes_price": 0.63, "no_price": 0.37, "count": 199.0}
{"trade_id": "e2cd8ba4-3e33-654e-ce67-2a83040e8e11", "timestamp": "2026-03-25T17:58:15.367955Z", "ticker": "KXWTAMATCH-26MAR25RYBPEG-PEG", "taker_side": "yes", "yes_price": 0.63, "no_price": 0.37, "count": 199.0}
{"trade_id": "b46c1169-4d87-6c2d-e6eb-3af3383f288d", "timestamp": "2026-03-25T17:58:15.367955Z", "ticker": "KXWTAMATCH-26MAR25RYBPEG-PEG", "taker_side": "yes", "yes_price": 0.63, "no_price": 0.37, "count": 199.0}
{"trade_id": "b1107af6-7b43-65c5-df68-44625f8b81e6", "timestamp": "2026-03-25T17:58:15.367955Z", "ticker": "KXWTAMATCH-26MAR25RYBPEG-PEG", "taker_side": "yes", "yes_price": 0.63, "no_price": 0.37, "count": 199.0}
{"trade_id": "aa83e020-8c16-6d6c-f48e-ad918f2fd58a", "timestamp": "2026-03-25T17:58:15.367955Z", "ticker": "KXWTAMATCH-26MAR25RYBPEG-PEG", "taker_side": "yes", "yes_price": 0.63, "no_price": 0.37, "count": 199.0}
{"trade_id": "9b17a8e6-608e-6b7b-ef1b-ef086376fa74", "timestamp": "2026-03-25T17:58:15.367955Z", "ticker": "KXWTAMATCH-26MAR25RYBPEG-PEG", "taker_side": "yes", "yes_price": 0.64, "no_price": 0.36, "count": 999.0}
{"trade_id": "98bf4bcf-5e36-68f0-d184-bdb41058d016", "timestamp": "2026-03-25T17:58:15.367955Z", "ticker": "KXWTAMATCH-26MAR25RYBPEG-PEG", "taker_side": "yes", "yes_price": 0.63, "no_price": 0.37, "count": 999.0}
{"trade_id": "8b1b6b8e-8129-6732-c2af-c2b1241be640", "timestamp": "2026-03-25T17:58:15.367955Z", "ticker": "KXWTAMATCH-26MAR25RYBPEG-PEG", "taker_side": "yes", "yes_price": 0.64, "no_price": 0.36, "count": 199.0}
{"trade_id": "76a4dc81-91f8-6d1e-c9fa-0384f04d88c9", "timestamp": "2026-03-25T17:58:15.367955Z", "ticker": "KXWTAMATCH-26MAR25RYBPEG-PEG", "taker_side": "yes", "yes_price": 0.63, "no_price": 0.37, "count": 5971.0}
{"trade_id": "67f43bfa-9b59-6ce3-cef8-82e48185b707", "timestamp": "2026-03-25T17:58:15.367955Z", "ticker": "KXWTAMATCH-26MAR25RYBPEG-PEG", "taker_side": "yes", "yes_price": 0.63, "no_price": 0.37, "count": 199.0}
{"trade_id": "61ce18aa-3ee9-6f50-ef11-ecd458dc1da4", "timestamp": "2026-03-25T17:58:15.367955Z", "ticker": "KXWTAMATCH-26MAR25RYBPEG-PEG", "taker_side": "yes", "yes_price": 0.63, "no_price": 0.37, "count": 199.0}
{"trade_id": "592d57ac-62e6-69a0-f470-95191bf6072c", "timestamp": "2026-03-25T17:58:15.367955Z", "ticker": "KXWTAMATCH-26MAR25RYBPEG-PEG", "taker_side": "yes", "yes_price": 0.63, "no_price": 0.37, "count": 199.0}
{"trade_id": "55104aa1-f4dc-6c6a-ce9a-57306de9a8db", "timestamp": "2026-03-25T17:58:15.367955Z", "ticker": "KXWTAMATCH-26MAR25RYBPEG-PEG", "taker_side": "yes", "yes_price": 0.63, "no_price": 0.37, "count": 199.0}
{"trade_id": "2984da17-7e41-6e16-f50c-7564b7e70222", "timestamp": "2026-03-25T17:58:15.367955Z", "ticker": "KXWTAMATCH-26MAR25RYBPEG-PEG", "taker_side": "yes", "yes_price": 0.63, "no_price": 0.37, "count": 199.0}
{"trade_id": "26afa015-29ad-6974-d52b-6f7aff22ea1d", "timestamp": "2026-03-25T17:58:15.367955Z", "ticker": "KXWTAMATCH-26MAR25RYBPEG-PEG", "taker_side": "yes", "yes_price": 0.64, "no_price": 0.36, "count": 56.0}
{"trade_id": "b43a659d-8184-75a2-e5a6-fa52473fb969", "timestamp": "2026-03-25T17:58:15.157724Z", "ticker": "KXWTAMATCH-26MAR25RYBPEG-PEG", "taker_side": "yes", "yes_price": 0.63, "no_price": 0.37, "count": 357.0}
{"trade_id": "83f3beb9-c473-78ea-1ca1-20cf8002f86c", "timestamp": "2026-03-25T17:58:15.983801Z", "ticker": "KXWTAMATCH-26MAR25RYBPEG-PEG", "taker_side": "yes", "yes_price": 0.65, "no_price": 0.35, "count": 1.0}
{"trade_id": "186eabff-2b9c-72a3-0d90-33df9962010f", "timestamp": "2026-03-25T17:58:15.983801Z", "ticker": "KXWTAMATCH-26MAR25RYBPEG-PEG", "taker_side": "yes", "yes_price": 0.65, "no_price": 0.35, "count": 5.0}
{"trade_id": "1e430f20-c7e0-6f0d-25e3-2451c22a61e2", "timestamp": "2026-03-25T17:58:19.002722Z", "ticker": "KXWTAMATCH-26MAR25RYBPEG-PEG", "taker_side": "no", "yes_price": 0.65, "no_price": 0.35, "count": 2500.0}
{"trade_id": "09505461-f649-5bbe-2ed8-efe156059343", "timestamp": "2026-03-25T17:58:21.498177Z", "ticker": "KXWTAMATCH-26MAR25RYBPEG-PEG", "taker_side": "yes", "yes_price": 0.66, "no_price": 0.34, "count": 751.0}
{"trade_id": "bc513d56-6d59-4d92-f9dd-cff7ecb78c9b", "timestamp": "2026-03-25T17:58:23.516797Z", "ticker": "KXWTAMATCH-26MAR25RYBPEG-PEG", "taker_side": "yes", "yes_price": 0.66, "no_price": 0.34, "count": 145.0}
{"trade_id": "366d1c3c-d1d5-4256-60b9-17c7c3e11ad7", "timestamp": "2026-03-25T17:58:24.245213Z", "ticker": "KXWTAMATCH-26MAR25RYBPEG-PEG", "taker_side": "yes", "yes_price": 0.66, "no_price": 0.34, "count": 32.0}
{"trade_id": "626e870c-2e59-5d2e-ba99-dabd37868b7f", "timestamp": "2026-03-25T17:58:25.93757Z", "ticker": "KXWTAMATCH-26MAR25RYBPEG-PEG", "taker_side": "yes", "yes_price": 0.66, "no_price": 0.34, "count": 36.0}
{"trade_id": "4751c74c-1f2d-55d6-618d-041b5e4659e7", "timestamp": "2026-03-25T17:58:27.236334Z", "ticker": "KXWTAMATCH-26MAR25RYBPEG-PEG", "taker_side": "yes", "yes_price": 0.66, "no_price": 0.34, "count": 1.0}
{"trade_id": "700484a3-d978-7c3d-7357-be61f2531da2", "timestamp": "2026-03-25T17:58:28.245751Z", "ticker": "KXWTAMATCH-26MAR25RYBPEG-PEG", "taker_side": "no", "yes_price": 0.65, "no_price": 0.35, "count": 91.0}
{"trade_id": "7ec0b9b0-8165-7296-6484-f9cfbd54ef5b", "timestamp": "2026-03-25T17:58:30.479675Z", "ticker": "KXWTAMATCH-26MAR25RYBPEG-PEG", "taker_side": "yes", "yes_price": 0.66, "no_price": 0.34, "count": 36.0}
{"trade_id": "bac6b359-d433-58a6-e005-ca299c8cb700", "timestamp": "2026-03-25T17:58:31.26828Z", "ticker": "KXWTAMATCH-26MAR25RYBPEG-PEG", "taker_side": "yes", "yes_price": 0.66, "no_price": 0.34, "count": 7.0}
{"trade_id": "736157c1-86fd-5f2e-5e38-7e2d82dd368f", "timestamp": "2026-03-25T17:58:31.113008Z", "ticker": "KXWTAMATCH-26MAR25RYBPEG-PEG", "taker_side": "yes", "yes_price": 0.66, "no_price": 0.34, "count": 7.0}
{"trade_id": "54b64761-8f4f-5fda-eb78-03a3354a0090", "timestamp": "2026-03-25T17:58:35.35809Z", "ticker": "KXWTAMATCH-26MAR25RYBPEG-PEG", "taker_side": "yes", "yes_price": 0.66, "no_price": 0.34, "count": 1.0}
{"trade_id": "ee09a3be-22bb-74c2-b7e2-9e283b0d0958", "timestamp": "2026-03-25T17:58:36.413662Z", "ticker": "KXWTAMATCH-26MAR25RYBPEG-PEG", "taker_side": "yes", "yes_price": 0.66, "no_price": 0.34, "count": 6.0}
{"trade_id": "e92e061e-2853-792b-e43f-92928b1ff0fd", "timestamp": "2026-03-25T17:58:40.758385Z", "ticker": "KXWTAMATCH-26MAR25RYBPEG-PEG", "taker_side": "yes", "yes_price": 0.66, "no_price": 0.34, "count": 16.0}
{"trade_id": "d37bc1bd-c9e0-7f23-f6b3-bf9715882933", "timestamp": "2026-03-25T17:58:40.758385Z", "ticker": "KXWTAMATCH-26MAR25RYBPEG-PEG", "taker_side": "yes", "yes_price": 0.65, "no_price": 0.35, "count": 4.0}
{"trade_id": "3250e9e1-49c6-5b53-6af6-b6ec9ac62d0a", "timestamp": "2026-03-25T17:58:40.328503Z", "ticker": "KXWTAMATCH-26MAR25RYBPEG-PEG", "taker_side": "no", "yes_price": 0.65, "no_price": 0.35, "count": 1.0}
{"trade_id": "fec698fd-eecf-7da2-984e-cbbf39d13f18", "timestamp": "2026-03-25T17:58:40.270832Z", "ticker": "KXWTAMATCH-26MAR25RYBPEG-PEG", "taker_side": "yes", "yes_price": 0.66, "no_price": 0.34, "count": 999.0}
{"trade_id": "db402a38-fb02-7f54-8b66-a02b365f8743", "timestamp": "2026-03-25T17:58:40.270832Z", "ticker": "KXWTAMATCH-26MAR25RYBPEG-PEG", "taker_side": "yes", "yes_price": 0.66, "no_price": 0.34, "count": 199.0}
{"trade_id": "d9b65af3-7119-74cf-8d40-8ea266cb1182", "timestamp": "2026-03-25T17:58:40.270832Z", "ticker": "KXWTAMATCH-26MAR25RYBPEG-PEG", "taker_side": "yes", "yes_price": 0.66, "no_price": 0.34, "count": 199.0}
{"trade_id": "d35702dc-3421-7192-8572-2af1aa90742c", "timestamp": "2026-03-25T17:58:40.270832Z", "ticker": "KXWTAMATCH-26MAR25RYBPEG-PEG", "taker_side": "yes", "yes_price": 0.66, "no_price": 0.34, "count": 199.0}
{"trade_id": "ce178647-9efc-73d7-a7a8-e76404acef35", "timestamp": "2026-03-25T17:58:40.270832Z", "ticker": "KXWTAMATCH-26MAR25RYBPEG-PEG", "taker_side": "yes", "yes_price": 0.66, "no_price": 0.34, "count": 199.0}
{"trade_id": "c5d1d785-eddf-7c12-8452-16c0d3e55c3c", "timestamp": "2026-03-25T17:58:40.270832Z", "ticker": "KXWTAMATCH-26MAR25RYBPEG-PEG", "taker_side": "yes", "yes_price": 0.66, "no_price": 0.34, "count": 85.0}
{"trade_id": "b3157d82-0814-7018-8524-03e09ce65924", "timestamp": "2026-03-25T17:58:40.270832Z", "ticker": "KXWTAMATCH-26MAR25RYBPEG-PEG", "taker_side": "yes", "yes_price": 0.66, "no_price": 0.34, "count": 84.0}
{"trade_id": "63777334-d4f9-7499-b6ac-9c09e3e4c4b0", "timestamp": "2026-03-25T17:58:40.270832Z", "ticker": "KXWTAMATCH-26MAR25RYBPEG-PEG", "taker_side": "yes", "yes_price": 0.66, "no_price": 0.34, "count": 199.0}
{"trade_id": "490b6bf3-7cf5-7d1f-a8b2-6a8bdb4edaf5", "timestamp": "2026-03-25T17:58:40.270832Z", "ticker": "KXWTAMATCH-26MAR25RYBPEG-PEG", "taker_side": "yes", "yes_price": 0.66, "no_price": 0.34, "count": 199.0}
{"trade_id": "442824fa-fb29-799f-ad3c-2835f68f730d", "timestamp": "2026-03-25T17:58:40.270832Z", "ticker": "KXWTAMATCH-26MAR25RYBPEG-PEG", "taker_side": "yes", "yes_price": 0.66, "no_price": 0.34, "count": 199.0}
{"trade_id": "3e7f2fd9-3031-7e7f-968e-0f2e4a06b256", "timestamp": "2026-03-25T17:58:40.270832Z", "ticker": "KXWTAMATCH-26MAR25RYBPEG-PEG", "taker_side": "yes", "yes_price": 0.66, "no_price": 0.34, "count": 199.0}
{"trade_id": "18175e6b-52aa-7eb3-8bdf-453e1695f86d", "timestamp": "2026-03-25T17:58:40.270832Z", "ticker": "KXWTAMATCH-26MAR25RYBPEG-PEG", "taker_side": "yes", "yes_price": 0.66, "no_price": 0.34, "count": 199.0}
{"trade_id": "ca08101b-f3f0-732d-378f-01a5bb041859", "timestamp": "2026-03-25T17:58:43.736071Z", "ticker": "KXWTAMATCH-26MAR25RYBPEG-PEG", "taker_side": "yes", "yes_price": 0.67, "no_price": 0.33, "count": 236.0}
{"trade_id": "6d1ef031-ce9e-7f9b-3cb7-12cee993cd12", "timestamp": "2026-03-25T17:58:43.736071Z", "ticker": "KXWTAMATCH-26MAR25RYBPEG-PEG", "taker_side": "yes", "yes_price": 0.67, "no_price": 0.33, "count": 50.0}
{"trade_id": "39b07a81-af56-7350-00b4-aa93920cc7cb", "timestamp": "2026-03-25T17:58:43.736071Z", "ticker": "KXWTAMATCH-26MAR25RYBPEG-PEG", "taker_side": "yes", "yes_price": 0.65, "no_price": 0.35, "count": 5.0}
{"trade_id": "398d61c0-018f-4c9f-d66d-0a5cf1e8e2fb", "timestamp": "2026-03-25T17:58:45.408036Z", "ticker": "KXWTAMATCH-26MAR25RYBPEG-PEG", "taker_side": "yes", "yes_price": 0.66, "no_price": 0.34, "count": 32.0}
{"trade_id": "6a24978f-98d9-4596-7936-4a873e854a73", "timestamp": "2026-03-25T17:58:45.262767Z", "ticker": "KXWTAMATCH-26MAR25RYBPEG-PEG", "taker_side": "yes", "yes_price": 0.66, "no_price": 0.34, "count": 5.0}
{"trade_id": "21c33e48-994b-4373-4c8c-32232bb12cdf", "timestamp": "2026-03-25T17:58:45.262767Z", "ticker": "KXWTAMATCH-26MAR25RYBPEG-PEG", "taker_side": "yes", "yes_price": 0.66, "no_price": 0.34, "count": 69.0}
{"trade_id": "f985a88c-e27c-5f9f-7cfa-02972836d832", "timestamp": "2026-03-25T17:58:48.587955Z", "ticker": "KXWTAMATCH-26MAR25RYBPEG-PEG", "taker_side": "no", "yes_price": 0.64, "no_price": 0.36, "count": 5.0}
{"trade_id": "b118e851-edeb-59b4-6552-fb2cf0c42f6f", "timestamp": "2026-03-25T17:58:48.587955Z", "ticker": "KXWTAMATCH-26MAR25RYBPEG-PEG", "taker_side": "no", "yes_price": 0.64, "no_price": 0.36, "count": 1.0}
{"trade_id": "22d6927b-65a1-45e1-8ca5-46110714d727", "timestamp": "2026-03-25T17:58:49.383971Z", "ticker": "KXWTAMATCH-26MAR25RYBPEG-PEG", "taker_side": "yes", "yes_price": 0.64, "no_price": 0.36, "count": 122.0}
{"trade_id": "daad7d2a-6897-4003-f123-2d2db1a7ec90", "timestamp": "2026-03-25T17:58:48.899829Z", "ticker": "KXWTAMATCH-26MAR25RYBPEG-PEG", "taker_side": "no", "yes_price": 0.64, "no_price": 0.36, "count": 5.0}
{"trade_id": "8b6e0aaf-f6c4-46e8-defd-4bc96bc17b4d", "timestamp": "2026-03-25T17:58:48.899829Z", "ticker": "KXWTAMATCH-26MAR25RYBPEG-PEG", "taker_side": "no", "yes_price": 0.64, "no_price": 0.36, "count": 183.0}
{"trade_id": "598725a2-be00-40d7-c793-05f58e5e7cca", "timestamp": "2026-03-25T17:58:48.899829Z", "ticker": "KXWTAMATCH-26MAR25RYBPEG-PEG", "taker_side": "no", "yes_price": 0.64, "no_price": 0.36, "count": 55.0}
{"trade_id": "19b5034d-2c51-4148-e966-6ce9c13e601c", "timestamp": "2026-03-25T17:58:48.899829Z", "ticker": "KXWTAMATCH-26MAR25RYBPEG-PEG", "taker_side": "no", "yes_price": 0.64, "no_price": 0.36, "count": 30.0}
{"trade_id": "bfa8d0a7-c438-64ed-8ddf-db53e4515543", "timestamp": "2026-03-25T17:58:50.417949Z", "ticker": "KXWTAMATCH-26MAR25RYBPEG-PEG", "taker_side": "no", "yes_price": 0.63, "no_price": 0.37, "count": 5.0}
{"trade_id": "4c82354d-7a5b-6a5d-bc70-83b52dda5770", "timestamp": "2026-03-25T17:58:50.417949Z", "ticker": "KXWTAMATCH-26MAR25RYBPEG-PEG", "taker_side": "no", "yes_price": 0.63, "no_price": 0.37, "count": 60.0}
{"trade_id": "36f85705-4cbf-64a8-941d-da8474d6a8ad", "timestamp": "2026-03-25T17:58:50.417949Z", "ticker": "KXWTAMATCH-26MAR25RYBPEG-PEG", "taker_side": "no", "yes_price": 0.63, "no_price": 0.37, "count": 1.0}
{"trade_id": "d24788cb-3425-77f1-e900-8556820fbeb3", "timestamp": "2026-03-25T17:58:50.000208Z", "ticker": "KXWTAMATCH-26MAR25RYBPEG-PEG", "taker_side": "yes", "yes_price": 0.64, "no_price": 0.36, "count": 14.0}
{"trade_id": "6f36f75a-62c5-7015-120c-3db80f4a65bf", "timestamp": "2026-03-25T17:58:49.929128Z", "ticker": "KXWTAMATCH-26MAR25RYBPEG-PEG", "taker_side": "yes", "yes_price": 0.64, "no_price": 0.36, "count": 16.0}
{"trade_id": "c3c26114-3d73-6422-18ca-8b50f3e46c61", "timestamp": "2026-03-25T17:58:51.212054Z", "ticker": "KXWTAMATCH-26MAR25RYBPEG-PEG", "taker_side": "yes", "yes_price": 0.63, "no_price": 0.37, "count": 29.0}
{"trade_id": "f3df1a8e-d9ab-6bde-8e92-d56934f8866d", "timestamp": "2026-03-25T17:58:50.973553Z", "ticker": "KXWTAMATCH-26MAR25RYBPEG-PEG", "taker_side": "yes", "yes_price": 0.63, "no_price": 0.37, "count": 51.0}
{"trade_id": "34d81a5d-02bb-434a-b858-1fd883f9ff19", "timestamp": "2026-03-25T17:58:52.089877Z", "ticker": "KXWTAMATCH-26MAR25RYBPEG-PEG", "taker_side": "yes", "yes_price": 0.63, "no_price": 0.37, "count": 4.0}
{"trade_id": "78591c58-a82c-4664-030f-95ab04ae7874", "timestamp": "2026-03-25T17:58:54.38963Z", "ticker": "KXWTAMATCH-26MAR25RYBPEG-PEG", "taker_side": "yes", "yes_price": 0.63, "no_price": 0.37, "count": 26.0}
{"trade_id": "49f63b14-3d8f-4b12-2db7-e237faca2be5", "timestamp": "2026-03-25T17:58:54.38963Z", "ticker": "KXWTAMATCH-26MAR25RYBPEG-PEG", "taker_side": "yes", "yes_price": 0.63, "no_price": 0.37, "count": 49.0}
{"trade_id": "6dd756c4-54f8-6948-fd94-73d164935660", "timestamp": "2026-03-25T17:58:56.73977Z", "ticker": "KXWTAMATCH-26MAR25RYBPEG-PEG", "taker_side": "yes", "yes_price": 0.63, "no_price": 0.37, "count": 19.0}
{"trade_id": "19ce9063-ad93-66f8-fead-f58ce8f86c1b", "timestamp": "2026-03-25T17:58:56.73977Z", "ticker": "KXWTAMATCH-26MAR25RYBPEG-PEG", "taker_side": "yes", "yes_price": 0.63, "no_price": 0.37, "count": 172.0}
{"trade_id": "71c76240-7a50-48e0-8ab1-3910ff7c8d08", "timestamp": "2026-03-25T17:58:55.866044Z", "ticker": "KXWTAMATCH-26MAR25RYBPEG-PEG", "taker_side": "yes", "yes_price": 0.63, "no_price": 0.37, "count": 154.0}
{"trade_id": "92cb5e32-7dc7-6ba8-bc6a-dfddc124d3af", "timestamp": "2026-03-25T17:59:00.51907Z", "ticker": "KXWTAMATCH-26MAR25RYBPEG-PEG", "taker_side": "yes", "yes_price": 0.63, "no_price": 0.37, "count": 3.0}
{"trade_id": "4c2ef893-3f93-75f0-4e50-0ea92f074f4f", "timestamp": "2026-03-25T17:58:59.953361Z", "ticker": "KXWTAMATCH-26MAR25RYBPEG-PEG", "taker_side": "yes", "yes_price": 0.63, "no_price": 0.37, "count": 5.0}
{"trade_id": "f753c31e-9a13-6934-dc1a-1760815062b3", "timestamp": "2026-03-25T17:59:01.190442Z", "ticker": "KXWTAMATCH-26MAR25RYBPEG-PEG", "taker_side": "yes", "yes_price": 0.63, "no_price": 0.37, "count": 19.0}
{"trade_id": "a56c9623-9f0f-6a6c-cb23-87da8a74069b", "timestamp": "2026-03-25T17:59:01.190442Z", "ticker": "KXWTAMATCH-26MAR25RYBPEG-PEG", "taker_side": "yes", "yes_price": 0.63, "no_price": 0.37, "count": 35.0}
{"trade_id": "ad13ec82-e933-40b4-0175-f8b5b5b02bcb", "timestamp": "2026-03-25T17:59:02.658434Z", "ticker": "KXWTAMATCH-26MAR25RYBPEG-PEG", "taker_side": "yes", "yes_price": 0.63, "no_price": 0.37, "count": 7.0}
{"trade_id": "7ceaf412-9023-4570-fc02-884903af9ae3", "timestamp": "2026-03-25T17:59:04.465306Z", "ticker": "KXWTAMATCH-26MAR25RYBPEG-PEG", "taker_side": "yes", "yes_price": 0.63, "no_price": 0.37, "count": 17.0}
{"trade_id": "4bdc59fb-7e83-4b44-42e3-31573216075f", "timestamp": "2026-03-25T17:59:05.523327Z", "ticker": "KXWTAMATCH-26MAR25RYBPEG-PEG", "taker_side": "yes", "yes_price": 0.63, "no_price": 0.37, "count": 13.0}
{"trade_id": "d4be67a9-f363-7edc-9b4c-e3e1dff379ab", "timestamp": "2026-03-25T17:59:07.796978Z", "ticker": "KXWTAMATCH-26MAR25RYBPEG-PEG", "taker_side": "yes", "yes_price": 0.63, "no_price": 0.37, "count": 2.0}
{"trade_id": "ffd48a6b-ad1b-59cc-b026-7dee5884cf53", "timestamp": "2026-03-25T17:59:09.819159Z", "ticker": "KXWTAMATCH-26MAR25RYBPEG-PEG", "taker_side": "yes", "yes_price": 0.63, "no_price": 0.37, "count": 7.0}
{"trade_id": "3b85968e-d9c7-4f00-465e-8131263add23", "timestamp": "2026-03-25T17:59:08.97708Z", "ticker": "KXWTAMATCH-26MAR25RYBPEG-PEG", "taker_side": "yes", "yes_price": 0.63, "no_price": 0.37, "count": 30.0}
{"trade_id": "f66f7b43-db28-430b-442c-c2422bfe11a9", "timestamp": "2026-03-25T17:59:10.199834Z", "ticker": "KXWTAMATCH-26MAR25RYBPEG-PEG", "taker_side": "yes", "yes_price": 0.63, "no_price": 0.37, "count": 153.0}
{"trade_id": "e72f8fe0-ec15-45ed-7994-15528118f5c3", "timestamp": "2026-03-25T17:59:10.199834Z", "ticker": "KXWTAMATCH-26MAR25RYBPEG-PEG", "taker_side": "yes", "yes_price": 0.63, "no_price": 0.37, "count": 199.0}
{"trade_id": "df77d9a2-240f-49c8-7175-df6a90006c2f", "timestamp": "2026-03-25T17:59:10.199834Z", "ticker": "KXWTAMATCH-26MAR25RYBPEG-PEG", "taker_side": "yes", "yes_price": 0.63, "no_price": 0.37, "count": 88.0}
{"trade_id": "717fbd02-4d21-45c1-4230-3fad8de0c558", "timestamp": "2026-03-25T17:59:10.199834Z", "ticker": "KXWTAMATCH-26MAR25RYBPEG-PEG", "taker_side": "yes", "yes_price": 0.63, "no_price": 0.37, "count": 199.0}
{"trade_id": "ed11ab88-aac4-6cdd-42a5-f6b967528b07", "timestamp": "2026-03-25T17:59:11.199389Z", "ticker": "KXWTAMATCH-26MAR25RYBPEG-PEG", "taker_side": "yes", "yes_price": 0.63, "no_price": 0.37, "count": 104.0}
{"trade_id": "d986c923-70bc-6e5f-5c61-3c5161af3749", "timestamp": "2026-03-25T17:59:11.199389Z", "ticker": "KXWTAMATCH-26MAR25RYBPEG-PEG", "taker_side": "yes", "yes_price": 0.63, "no_price": 0.37, "count": 46.0}
{"trade_id": "6a0c4324-2334-50a1-a01b-4628074c3a2b", "timestamp": "2026-03-25T17:59:12.212608Z", "ticker": "KXWTAMATCH-26MAR25RYBPEG-PEG", "taker_side": "yes", "yes_price": 0.63, "no_price": 0.37, "count": 50.0}
{"trade_id": "e6d76e28-00fc-725d-751a-6a9c54125213", "timestamp": "2026-03-25T17:59:12.860636Z", "ticker": "KXWTAMATCH-26MAR25RYBPEG-PEG", "taker_side": "yes", "yes_price": 0.63, "no_price": 0.37, "count": 8.0}
{"trade_id": "a213b67b-6d6f-623f-f749-9132d58275ca", "timestamp": "2026-03-25T17:59:14.311145Z", "ticker": "KXWTAMATCH-26MAR25RYBPEG-PEG", "taker_side": "yes", "yes_price": 0.64, "no_price": 0.36, "count": 30.0}
{"trade_id": "41a51073-d1a8-59b5-ffea-51d12993ff8b", "timestamp": "2026-03-25T17:59:13.965481Z", "ticker": "KXWTAMATCH-26MAR25RYBPEG-PEG", "taker_side": "yes", "yes_price": 0.63, "no_price": 0.37, "count": 37.0}
{"trade_id": "0a3928f7-aea5-5e2b-e65a-4f2dedfec52b", "timestamp": "2026-03-25T17:59:13.965481Z", "ticker": "KXWTAMATCH-26MAR25RYBPEG-PEG", "taker_side": "yes", "yes_price": 0.63, "no_price": 0.37, "count": 164.0}
{"trade_id": "eb9974fd-5b7d-7279-7969-8e377f91e382", "timestamp": "2026-03-25T17:59:16.571348Z", "ticker": "KXWTAMATCH-26MAR25RYBPEG-PEG", "taker_side": "yes", "yes_price": 0.65, "no_price": 0.35, "count": 149.0}
{"trade_id": "f4609cc3-fa84-6422-7735-ea3aac84fa22", "timestamp": "2026-03-25T17:59:18.29422Z", "ticker": "KXWTAMATCH-26MAR25RYBPEG-PEG", "taker_side": "yes", "yes_price": 0.65, "no_price": 0.35, "count": 142.0}
{"trade_id": "ec4a8a93-a0cd-632d-710f-08791f24c9f2", "timestamp": "2026-03-25T17:59:18.29422Z", "ticker": "KXWTAMATCH-26MAR25RYBPEG-PEG", "taker_side": "yes", "yes_price": 0.65, "no_price": 0.35, "count": 27.0}
{"trade_id": "d54a6833-c509-6b1d-5576-ea6cf7126024", "timestamp": "2026-03-25T17:59:18.29422Z", "ticker": "KXWTAMATCH-26MAR25RYBPEG-PEG", "taker_side": "yes", "yes_price": 0.65, "no_price": 0.35, "count": 199.0}
{"trade_id": "d3ef0f87-f111-6537-520c-1d64fa6ee027", "timestamp": "2026-03-25T17:59:18.29422Z", "ticker": "KXWTAMATCH-26MAR25RYBPEG-PEG", "taker_side": "yes", "yes_price": 0.65, "no_price": 0.35, "count": 199.0}
{"trade_id": "ca4d2f90-e4fe-62c5-5aa3-023dd8f13bc7", "timestamp": "2026-03-25T17:59:18.29422Z", "ticker": "KXWTAMATCH-26MAR25RYBPEG-PEG", "taker_side": "yes", "yes_price": 0.65, "no_price": 0.35, "count": 199.0}
{"trade_id": "c497c2c9-e8d5-6d9e-7717-bbe7b58a458e", "timestamp": "2026-03-25T17:59:18.29422Z", "ticker": "KXWTAMATCH-26MAR25RYBPEG-PEG", "taker_side": "yes", "yes_price": 0.65, "no_price": 0.35, "count": 199.0}
{"trade_id": "c2ee706a-e8d1-60f9-528f-c4143211847d", "timestamp": "2026-03-25T17:59:18.29422Z", "ticker": "KXWTAMATCH-26MAR25RYBPEG-PEG", "taker_side": "yes", "yes_price": 0.65, "no_price": 0.35, "count": 199.0}
{"trade_id": "a921ba4f-847b-6ce5-6d00-c99fdf6aab86", "timestamp": "2026-03-25T17:59:18.29422Z", "ticker": "KXWTAMATCH-26MAR25RYBPEG-PEG", "taker_side": "yes", "yes_price": 0.65, "no_price": 0.35, "count": 199.0}
{"trade_id": "a87e5165-c9bf-63b8-6d9a-e166a33c2b7a", "timestamp": "2026-03-25T17:59:18.29422Z", "ticker": "KXWTAMATCH-26MAR25RYBPEG-PEG", "taker_side": "yes", "yes_price": 0.65, "no_price": 0.35, "count": 999.0}
{"trade_id": "a0c6be7c-5105-6719-4369-2f7c0b8d0e0e", "timestamp": "2026-03-25T17:59:18.29422Z", "ticker": "KXWTAMATCH-26MAR25RYBPEG-PEG", "taker_side": "yes", "yes_price": 0.65, "no_price": 0.35, "count": 142.0}
{"trade_id": "90e96ab6-b673-64ff-6b52-6e882b30b9d4", "timestamp": "2026-03-25T17:59:18.29422Z", "ticker": "KXWTAMATCH-26MAR25RYBPEG-PEG", "taker_side": "yes", "yes_price": 0.65, "no_price": 0.35, "count": 199.0}
{"trade_id": "8c3dd193-414a-63c5-44e2-ed1d91e6735f", "timestamp": "2026-03-25T17:59:18.29422Z", "ticker": "KXWTAMATCH-26MAR25RYBPEG-PEG", "taker_side": "yes", "yes_price": 0.65, "no_price": 0.35, "count": 199.0}
{"trade_id": "87e939b9-573a-6d1b-5ee0-f23b83ce7f97", "timestamp": "2026-03-25T17:59:18.29422Z", "ticker": "KXWTAMATCH-26MAR25RYBPEG-PEG", "taker_side": "yes", "yes_price": 0.65, "no_price": 0.35, "count": 199.0}
{"trade_id": "87bbb215-2923-6314-6be4-c57925de9408", "timestamp": "2026-03-25T17:59:18.29422Z", "ticker": "KXWTAMATCH-26MAR25RYBPEG-PEG", "taker_side": "yes", "yes_price": 0.65, "no_price": 0.35, "count": 999.0}
{"trade_id": "74781874-edcd-6990-561c-bcfec52cd7db", "timestamp": "2026-03-25T17:59:18.29422Z", "ticker": "KXWTAMATCH-26MAR25RYBPEG-PEG", "taker_side": "yes", "yes_price": 0.65, "no_price": 0.35, "count": 714.0}
{"trade_id": "70a386c5-bca2-6694-72ae-29ba9dd94867", "timestamp": "2026-03-25T17:59:18.29422Z", "ticker": "KXWTAMATCH-26MAR25RYBPEG-PEG", "taker_side": "yes", "yes_price": 0.65, "no_price": 0.35, "count": 199.0}
{"trade_id": "6dbd5f92-b9e0-6c08-4f35-f8412b46c446", "timestamp": "2026-03-25T17:59:18.29422Z", "ticker": "KXWTAMATCH-26MAR25RYBPEG-PEG", "taker_side": "yes", "yes_price": 0.65, "no_price": 0.35, "count": 176.0}
{"trade_id": "67f0d46a-02a2-6af7-6ff6-699c042a5ff2", "timestamp": "2026-03-25T17:59:18.29422Z", "ticker": "KXWTAMATCH-26MAR25RYBPEG-PEG", "taker_side": "yes", "yes_price": 0.65, "no_price": 0.35, "count": 142.0}
{"trade_id": "39b3e77f-8d17-6f0d-689b-55306ff1dde9", "timestamp": "2026-03-25T17:59:18.29422Z", "ticker": "KXWTAMATCH-26MAR25RYBPEG-PEG", "taker_side": "yes", "yes_price": 0.65, "no_price": 0.35, "count": 100.0}
{"trade_id": "378b2da7-7758-6f8c-5ac9-fcbf85c3a024", "timestamp": "2026-03-25T17:59:18.29422Z", "ticker": "KXWTAMATCH-26MAR25RYBPEG-PEG", "taker_side": "yes", "yes_price": 0.65, "no_price": 0.35, "count": 999.0}
{"trade_id": "3071c091-adec-6db6-7698-e108260bf8a2", "timestamp": "2026-03-25T17:59:18.29422Z", "ticker": "KXWTAMATCH-26MAR25RYBPEG-PEG", "taker_side": "yes", "yes_price": 0.65, "no_price": 0.35, "count": 199.0}
{"trade_id": "1e2535b1-4edf-6713-6186-5d505585ac62", "timestamp": "2026-03-25T17:59:18.29422Z", "ticker": "KXWTAMATCH-26MAR25RYBPEG-PEG", "taker_side": "yes", "yes_price": 0.65, "no_price": 0.35, "count": 999.0}
{"trade_id": "18d8ed34-7c33-604d-40c8-302468d70e4c", "timestamp": "2026-03-25T17:59:18.29422Z", "ticker": "KXWTAMATCH-26MAR25RYBPEG-PEG", "taker_side": "yes", "yes_price": 0.65, "no_price": 0.35, "count": 999.0}
{"trade_id": "ec18abbd-79c6-507a-6b96-590ba4219f1c", "timestamp": "2026-03-25T17:59:22.634155Z", "ticker": "KXWTAMATCH-26MAR25RYBPEG-PEG", "taker_side": "yes", "yes_price": 0.66, "no_price": 0.34, "count": 516.0}
{"trade_id": "2f6fe823-b37a-5686-3ac6-664882a58410", "timestamp": "2026-03-25T17:59:24.615439Z", "ticker": "KXWTAMATCH-26MAR25RYBPEG-PEG", "taker_side": "yes", "yes_price": 0.66, "no_price": 0.34, "count": 22.0}
{"trade_id": "43632241-8ad2-6962-315e-784e1ef33830", "timestamp": "2026-03-25T17:59:24.403846Z", "ticker": "KXWTAMATCH-26MAR25RYBPEG-PEG", "taker_side": "yes", "yes_price": 0.66, "no_price": 0.34, "count": 360.0}
{"trade_id": "ec18abbd-79c6-507a-6b96-590ba4219f1c", "timestamp": "2026-03-25T17:59:22.634155Z", "ticker": "KXWTAMATCH-26MAR25RYBPEG-PEG", "taker_side": "yes", "yes_price": 0.66, "no_price": 0.34, "count": 516.0}
{"trade_id": "f4609cc3-fa84-6422-7735-ea3aac84fa22", "timestamp": "2026-03-25T17:59:18.29422Z", "ticker": "KXWTAMATCH-26MAR25RYBPEG-PEG", "taker_side": "yes", "yes_price": 0.65, "no_price": 0.35, "count": 142.0}
{"trade_id": "ec4a8a93-a0cd-632d-710f-08791f24c9f2", "timestamp": "2026-03-25T17:59:18.29422Z", "ticker": "KXWTAMATCH-26MAR25RYBPEG-PEG", "taker_side": "yes", "yes_price": 0.65, "no_price": 0.35, "count": 27.0}
{"trade_id": "d54a6833-c509-6b1d-5576-ea6cf7126024", "timestamp": "2026-03-25T17:59:18.29422Z", "ticker": "KXWTAMATCH-26MAR25RYBPEG-PEG", "taker_side": "yes", "yes_price": 0.65, "no_price": 0.35, "count": 199.0}
{"trade_id": "d3ef0f87-f111-6537-520c-1d64fa6ee027", "timestamp": "2026-03-25T17:59:18.29422Z", "ticker": "KXWTAMATCH-26MAR25RYBPEG-PEG", "taker_side": "yes", "yes_price": 0.65, "no_price": 0.35, "count": 199.0}
{"trade_id": "ca4d2f90-e4fe-62c5-5aa3-023dd8f13bc7", "timestamp": "2026-03-25T17:59:18.29422Z", "ticker": "KXWTAMATCH-26MAR25RYBPEG-PEG", "taker_side": "yes", "yes_price": 0.65, "no_price": 0.35, "count": 199.0}
{"trade_id": "c497c2c9-e8d5-6d9e-7717-bbe7b58a458e", "timestamp": "2026-03-25T17:59:18.29422Z", "ticker": "KXWTAMATCH-26MAR25RYBPEG-PEG", "taker_side": "yes", "yes_price": 0.65, "no_price": 0.35, "count": 199.0}
{"trade_id": "c2ee706a-e8d1-60f9-528f-c4143211847d", "timestamp": "2026-03-25T17:59:18.29422Z", "ticker": "KXWTAMATCH-26MAR25RYBPEG-PEG", "taker_side": "yes", "yes_price": 0.65, "no_price": 0.35, "count": 199.0}
{"trade_id": "a921ba4f-847b-6ce5-6d00-c99fdf6aab86", "timestamp": "2026-03-25T17:59:18.29422Z", "ticker": "KXWTAMATCH-26MAR25RYBPEG-PEG", "taker_side": "yes", "yes_price": 0.65, "no_price": 0.35, "count": 199.0}
{"trade_id": "a87e5165-c9bf-63b8-6d9a-e166a33c2b7a", "timestamp": "2026-03-25T17:59:18.29422Z", "ticker": "KXWTAMATCH-26MAR25RYBPEG-PEG", "taker_side": "yes", "yes_price": 0.65, "no_price": 0.35, "count": 999.0}
{"trade_id": "a0c6be7c-5105-6719-4369-2f7c0b8d0e0e", "timestamp": "2026-03-25T17:59:18.29422Z", "ticker": "KXWTAMATCH-26MAR25RYBPEG-PEG", "taker_side": "yes", "yes_price": 0.65, "no_price": 0.35, "count": 142.0}
{"trade_id": "90e96ab6-b673-64ff-6b52-6e882b30b9d4", "timestamp": "2026-03-25T17:59:18.29422Z", "ticker": "KXWTAMATCH-26MAR25RYBPEG-PEG", "taker_side": "yes", "yes_price": 0.65, "no_price": 0.35, "count": 199.0}
{"trade_id": "8c3dd193-414a-63c5-44e2-ed1d91e6735f", "timestamp": "2026-03-25T17:59:18.29422Z", "ticker": "KXWTAMATCH-26MAR25RYBPEG-PEG", "taker_side": "yes", "yes_price": 0.65, "no_price": 0.35, "count": 199.0}
{"trade_id": "87e939b9-573a-6d1b-5ee0-f23b83ce7f97", "timestamp": "2026-03-25T17:59:18.29422Z", "ticker": "KXWTAMATCH-26MAR25RYBPEG-PEG", "taker_side": "yes", "yes_price": 0.65, "no_price": 0.35, "count": 199.0}
{"trade_id": "87bbb215-2923-6314-6be4-c57925de9408", "timestamp": "2026-03-25T17:59:18.29422Z", "ticker": "KXWTAMATCH-26MAR25RYBPEG-PEG", "taker_side": "yes", "yes_price": 0.65, "no_price": 0.35, "count": 999.0}
{"trade_id": "74781874-edcd-6990-561c-bcfec52cd7db", "timestamp": "2026-03-25T17:59:18.29422Z", "ticker": "KXWTAMATCH-26MAR25RYBPEG-PEG", "taker_side": "yes", "yes_price": 0.65, "no_price": 0.35, "count": 714.0}
{"trade_id": "70a386c5-bca2-6694-72ae-29ba9dd94867", "timestamp": "2026-03-25T17:59:18.29422Z", "ticker": "KXWTAMATCH-26MAR25RYBPEG-PEG", "taker_side": "yes", "yes_price": 0.65, "no_price": 0.35, "count": 199.0}
{"trade_id": "6dbd5f92-b9e0-6c08-4f35-f8412b46c446", "timestamp": "2026-03-25T17:59:18.29422Z", "ticker": "KXWTAMATCH-26MAR25RYBPEG-PEG", "taker_side": "yes", "yes_price": 0.65, "no_price": 0.35, "count": 176.0}
{"trade_id": "67f0d46a-02a2-6af7-6ff6-699c042a5ff2", "timestamp": "2026-03-25T17:59:18.29422Z", "ticker": "KXWTAMATCH-26MAR25RYBPEG-PEG", "taker_side": "yes", "yes_price": 0.65, "no_price": 0.35, "count": 142.0}
{"trade_id": "39b3e77f-8d17-6f0d-689b-55306ff1dde9", "timestamp": "2026-03-25T17:59:18.29422Z", "ticker": "KXWTAMATCH-26MAR25RYBPEG-PEG", "taker_side": "yes", "yes_price": 0.65, "no_price": 0.35, "count": 100.0}
{"trade_id": "378b2da7-7758-6f8c-5ac9-fcbf85c3a024", "timestamp": "2026-03-25T17:59:18.29422Z", "ticker": "KXWTAMATCH-26MAR25RYBPEG-PEG", "taker_side": "yes", "yes_price": 0.65, "no_price": 0.35, "count": 999.0}
{"trade_id": "3071c091-adec-6db6-7698-e108260bf8a2", "timestamp": "2026-03-25T17:59:18.29422Z", "ticker": "KXWTAMATCH-26MAR25RYBPEG-PEG", "taker_side": "yes", "yes_price": 0.65, "no_price": 0.35, "count": 199.0}
{"trade_id": "1e2535b1-4edf-6713-6186-5d505585ac62", "timestamp": "2026-03-25T17:59:18.29422Z", "ticker": "KXWTAMATCH-26MAR25RYBPEG-PEG", "taker_side": "yes", "yes_price": 0.65, "no_price": 0.35, "count": 999.0}
{"trade_id": "18d8ed34-7c33-604d-40c8-302468d70e4c", "timestamp": "2026-03-25T17:59:18.29422Z", "ticker": "KXWTAMATCH-26MAR25RYBPEG-PEG", "taker_side": "yes", "yes_price": 0.65, "no_price": 0.35, "count": 999.0}
{"trade_id": "eb9974fd-5b7d-7279-7969-8e377f91e382", "timestamp": "2026-03-25T17:59:16.571348Z", "ticker": "KXWTAMATCH-26MAR25RYBPEG-PEG", "taker_side": "yes", "yes_price": 0.65, "no_price": 0.35, "count": 149.0}
{"trade_id": "a213b67b-6d6f-623f-f749-9132d58275ca", "timestamp": "2026-03-25T17:59:14.311145Z", "ticker": "KXWTAMATCH-26MAR25RYBPEG-PEG", "taker_side": "yes", "yes_price": 0.64, "no_price": 0.36, "count": 30.0}
{"trade_id": "41a51073-d1a8-59b5-ffea-51d12993ff8b", "timestamp": "2026-03-25T17:59:13.965481Z", "ticker": "KXWTAMATCH-26MAR25RYBPEG-PEG", "taker_side": "yes", "yes_price": 0.63, "no_price": 0.37, "count": 37.0}
{"trade_id": "0a3928f7-aea5-5e2b-e65a-4f2dedfec52b", "timestamp": "2026-03-25T17:59:13.965481Z", "ticker": "KXWTAMATCH-26MAR25RYBPEG-PEG", "taker_side": "yes", "yes_price": 0.63, "no_price": 0.37, "count": 164.0}
{"trade_id": "e6d76e28-00fc-725d-751a-6a9c54125213", "timestamp": "2026-03-25T17:59:12.860636Z", "ticker": "KXWTAMATCH-26MAR25RYBPEG-PEG", "taker_side": "yes", "yes_price": 0.63, "no_price": 0.37, "count": 8.0}
{"trade_id": "6a0c4324-2334-50a1-a01b-4628074c3a2b", "timestamp": "2026-03-25T17:59:12.212608Z", "ticker": "KXWTAMATCH-26MAR25RYBPEG-PEG", "taker_side": "yes", "yes_price": 0.63, "no_price": 0.37, "count": 50.0}
{"trade_id": "ed11ab88-aac4-6cdd-42a5-f6b967528b07", "timestamp": "2026-03-25T17:59:11.199389Z", "ticker": "KXWTAMATCH-26MAR25RYBPEG-PEG", "taker_side": "yes", "yes_price": 0.63, "no_price": 0.37, "count": 104.0}
{"trade_id": "d986c923-70bc-6e5f-5c61-3c5161af3749", "timestamp": "2026-03-25T17:59:11.199389Z", "ticker": "KXWTAMATCH-26MAR25RYBPEG-PEG", "taker_side": "yes", "yes_price": 0.63, "no_price": 0.37, "count": 46.0}
{"trade_id": "f66f7b43-db28-430b-442c-c2422bfe11a9", "timestamp": "2026-03-25T17:59:10.199834Z", "ticker": "KXWTAMATCH-26MAR25RYBPEG-PEG", "taker_side": "yes", "yes_price": 0.63, "no_price": 0.37, "count": 153.0}
{"trade_id": "e72f8fe0-ec15-45ed-7994-15528118f5c3", "timestamp": "2026-03-25T17:59:10.199834Z", "ticker": "KXWTAMATCH-26MAR25RYBPEG-PEG", "taker_side": "yes", "yes_price": 0.63, "no_price": 0.37, "count": 199.0}
{"trade_id": "df77d9a2-240f-49c8-7175-df6a90006c2f", "timestamp": "2026-03-25T17:59:10.199834Z", "ticker": "KXWTAMATCH-26MAR25RYBPEG-PEG", "taker_side": "yes", "yes_price": 0.63, "no_price": 0.37, "count": 88.0}
{"trade_id": "717fbd02-4d21-45c1-4230-3fad8de0c558", "timestamp": "2026-03-25T17:59:10.199834Z", "ticker": "KXWTAMATCH-26MAR25RYBPEG-PEG", "taker_side": "yes", "yes_price": 0.63, "no_price": 0.37, "count": 199.0}
{"trade_id": "ffd48a6b-ad1b-59cc-b026-7dee5884cf53", "timestamp": "2026-03-25T17:59:09.819159Z", "ticker": "KXWTAMATCH-26MAR25RYBPEG-PEG", "taker_side": "yes", "yes_price": 0.63, "no_price": 0.37, "count": 7.0}
{"trade_id": "3b85968e-d9c7-4f00-465e-8131263add23", "timestamp": "2026-03-25T17:59:08.97708Z", "ticker": "KXWTAMATCH-26MAR25RYBPEG-PEG", "taker_side": "yes", "yes_price": 0.63, "no_price": 0.37, "count": 30.0}
{"trade_id": "d4be67a9-f363-7edc-9b4c-e3e1dff379ab", "timestamp": "2026-03-25T17:59:07.796978Z", "ticker": "KXWTAMATCH-26MAR25RYBPEG-PEG", "taker_side": "yes", "yes_price": 0.63, "no_price": 0.37, "count": 2.0}
{"trade_id": "4bdc59fb-7e83-4b44-42e3-31573216075f", "timestamp": "2026-03-25T17:59:05.523327Z", "ticker": "KXWTAMATCH-26MAR25RYBPEG-PEG", "taker_side": "yes", "yes_price": 0.63, "no_price": 0.37, "count": 13.0}
{"trade_id": "7ceaf412-9023-4570-fc02-884903af9ae3", "timestamp": "2026-03-25T17:59:04.465306Z", "ticker": "KXWTAMATCH-26MAR25RYBPEG-PEG", "taker_side": "yes", "yes_price": 0.63, "no_price": 0.37, "count": 17.0}
{"trade_id": "ad13ec82-e933-40b4-0175-f8b5b5b02bcb", "timestamp": "2026-03-25T17:59:02.658434Z", "ticker": "KXWTAMATCH-26MAR25RYBPEG-PEG", "taker_side": "yes", "yes_price": 0.63, "no_price": 0.37, "count": 7.0}
{"trade_id": "f753c31e-9a13-6934-dc1a-1760815062b3", "timestamp": "2026-03-25T17:59:01.190442Z", "ticker": "KXWTAMATCH-26MAR25RYBPEG-PEG", "taker_side": "yes", "yes_price": 0.63, "no_price": 0.37, "count": 19.0}
{"trade_id": "a56c9623-9f0f-6a6c-cb23-87da8a74069b", "timestamp": "2026-03-25T17:59:01.190442Z", "ticker": "KXWTAMATCH-26MAR25RYBPEG-PEG", "taker_side": "yes", "yes_price": 0.63, "no_price": 0.37, "count": 35.0}
{"trade_id": "92cb5e32-7dc7-6ba8-bc6a-dfddc124d3af", "timestamp": "2026-03-25T17:59:00.51907Z", "ticker": "KXWTAMATCH-26MAR25RYBPEG-PEG", "taker_side": "yes", "yes_price": 0.63, "no_price": 0.37, "count": 3.0}
{"trade_id": "4c2ef893-3f93-75f0-4e50-0ea92f074f4f", "timestamp": "2026-03-25T17:58:59.953361Z", "ticker": "KXWTAMATCH-26MAR25RYBPEG-PEG", "taker_side": "yes", "yes_price": 0.63, "no_price": 0.37, "count": 5.0}
{"trade_id": "6dd756c4-54f8-6948-fd94-73d164935660", "timestamp": "2026-03-25T17:58:56.73977Z", "ticker": "KXWTAMATCH-26MAR25RYBPEG-PEG", "taker_side": "yes", "yes_price": 0.63, "no_price": 0.37, "count": 19.0}
{"trade_id": "19ce9063-ad93-66f8-fead-f58ce8f86c1b", "timestamp": "2026-03-25T17:58:56.73977Z", "ticker": "KXWTAMATCH-26MAR25RYBPEG-PEG", "taker_side": "yes", "yes_price": 0.63, "no_price": 0.37, "count": 172.0}
{"trade_id": "830500c3-0702-452a-e415-935de4eee308", "timestamp": "2026-03-25T17:59:28.550932Z", "ticker": "KXWTAMATCH-26MAR25RYBPEG-PEG", "taker_side": "yes", "yes_price": 0.66, "no_price": 0.34, "count": 198.0}
{"trade_id": "36d06af8-f55e-7cba-2a19-7c0707a4a024", "timestamp": "2026-03-25T17:59:29.462771Z", "ticker": "KXWTAMATCH-26MAR25RYBPEG-PEG", "taker_side": "yes", "yes_price": 0.66, "no_price": 0.34, "count": 8.0}
{"trade_id": "eee89509-86ce-5596-e3ab-7109cd2d5070", "timestamp": "2026-03-25T17:59:29.436574Z", "ticker": "KXWTAMATCH-26MAR25RYBPEG-PEG", "taker_side": "yes", "yes_price": 0.66, "no_price": 0.34, "count": 781.0}
{"trade_id": "306b5af3-c9c6-507e-8581-742ef7bb9bf0", "timestamp": "2026-03-25T17:59:31.44294Z", "ticker": "KXWTAMATCH-26MAR25RYBPEG-PEG", "taker_side": "yes", "yes_price": 0.66, "no_price": 0.34, "count": 2576.0}
{"trade_id": "2812bc0c-5cbe-7a36-8cd2-45b31b9bc98c", "timestamp": "2026-03-25T17:59:31.22898Z", "ticker": "KXWTAMATCH-26MAR25RYBPEG-PEG", "taker_side": "yes", "yes_price": 0.66, "no_price": 0.34, "count": 7.0}
{"trade_id": "0e463ad3-7e2a-4136-66fa-843d71e0f5d4", "timestamp": "2026-03-25T17:59:31.225784Z", "ticker": "KXWTAMATCH-26MAR25RYBPEG-PEG", "taker_side": "yes", "yes_price": 0.66, "no_price": 0.34, "count": 192.0}
{"trade_id": "bd2dd06a-96be-4cd2-3c87-9a5208e5703c", "timestamp": "2026-03-25T17:59:33.219152Z", "ticker": "KXWTAMATCH-26MAR25RYBPEG-PEG", "taker_side": "yes", "yes_price": 0.66, "no_price": 0.34, "count": 9.0}
{"trade_id": "bd2dd06a-96be-4cd2-3c87-9a5208e5703c", "timestamp": "2026-03-25T17:59:33.219152Z", "ticker": "KXWTAMATCH-26MAR25RYBPEG-PEG", "taker_side": "yes", "yes_price": 0.66, "no_price": 0.34, "count": 9.0}
{"trade_id": "306b5af3-c9c6-507e-8581-742ef7bb9bf0", "timestamp": "2026-03-25T17:59:31.44294Z", "ticker": "KXWTAMATCH-26MAR25RYBPEG-PEG", "taker_side": "yes", "yes_price": 0.66, "no_price": 0.34, "count": 2576.0}
{"trade_id": "2812bc0c-5cbe-7a36-8cd2-45b31b9bc98c", "timestamp": "2026-03-25T17:59:31.22898Z", "ticker": "KXWTAMATCH-26MAR25RYBPEG-PEG", "taker_side": "yes", "yes_price": 0.66, "no_price": 0.34, "count": 7.0}
{"trade_id": "0e463ad3-7e2a-4136-66fa-843d71e0f5d4", "timestamp": "2026-03-25T17:59:31.225784Z", "ticker": "KXWTAMATCH-26MAR25RYBPEG-PEG", "taker_side": "yes", "yes_price": 0.66, "no_price": 0.34, "count": 192.0}
{"trade_id": "36d06af8-f55e-7cba-2a19-7c0707a4a024", "timestamp": "2026-03-25T17:59:29.462771Z", "ticker": "KXWTAMATCH-26MAR25RYBPEG-PEG", "taker_side": "yes", "yes_price": 0.66, "no_price": 0.34, "count": 8.0}
{"trade_id": "eee89509-86ce-5596-e3ab-7109cd2d5070", "timestamp": "2026-03-25T17:59:29.436574Z", "ticker": "KXWTAMATCH-26MAR25RYBPEG-PEG", "taker_side": "yes", "yes_price": 0.66, "no_price": 0.34, "count": 781.0}
{"trade_id": "830500c3-0702-452a-e415-935de4eee308", "timestamp": "2026-03-25T17:59:28.550932Z", "ticker": "KXWTAMATCH-26MAR25RYBPEG-PEG", "taker_side": "yes", "yes_price": 0.66, "no_price": 0.34, "count": 198.0}
{"trade_id": "2f6fe823-b37a-5686-3ac6-664882a58410", "timestamp": "2026-03-25T17:59:24.615439Z", "ticker": "KXWTAMATCH-26MAR25RYBPEG-PEG", "taker_side": "yes", "yes_price": 0.66, "no_price": 0.34, "count": 22.0}
{"trade_id": "43632241-8ad2-6962-315e-784e1ef33830", "timestamp": "2026-03-25T17:59:24.403846Z", "ticker": "KXWTAMATCH-26MAR25RYBPEG-PEG", "taker_side": "yes", "yes_price": 0.66, "no_price": 0.34, "count": 360.0}
{"trade_id": "ec18abbd-79c6-507a-6b96-590ba4219f1c", "timestamp": "2026-03-25T17:59:22.634155Z", "ticker": "KXWTAMATCH-26MAR25RYBPEG-PEG", "taker_side": "yes", "yes_price": 0.66, "no_price": 0.34, "count": 516.0}
{"trade_id": "f4609cc3-fa84-6422-7735-ea3aac84fa22", "timestamp": "2026-03-25T17:59:18.29422Z", "ticker": "KXWTAMATCH-26MAR25RYBPEG-PEG", "taker_side": "yes", "yes_price": 0.65, "no_price": 0.35, "count": 142.0}
{"trade_id": "ec4a8a93-a0cd-632d-710f-08791f24c9f2", "timestamp": "2026-03-25T17:59:18.29422Z", "ticker": "KXWTAMATCH-26MAR25RYBPEG-PEG", "taker_side": "yes", "yes_price": 0.65, "no_price": 0.35, "count": 27.0}
{"trade_id": "d54a6833-c509-6b1d-5576-ea6cf7126024", "timestamp": "2026-03-25T17:59:18.29422Z", "ticker": "KXWTAMATCH-26MAR25RYBPEG-PEG", "taker_side": "yes", "yes_price": 0.65, "no_price": 0.35, "count": 199.0}
{"trade_id": "d3ef0f87-f111-6537-520c-1d64fa6ee027", "timestamp": "2026-03-25T17:59:18.29422Z", "ticker": "KXWTAMATCH-26MAR25RYBPEG-PEG", "taker_side": "yes", "yes_price": 0.65, "no_price": 0.35, "count": 199.0}
{"trade_id": "ca4d2f90-e4fe-62c5-5aa3-023dd8f13bc7", "timestamp": "2026-03-25T17:59:18.29422Z", "ticker": "KXWTAMATCH-26MAR25RYBPEG-PEG", "taker_side": "yes", "yes_price": 0.65, "no_price": 0.35, "count": 199.0}
{"trade_id": "c497c2c9-e8d5-6d9e-7717-bbe7b58a458e", "timestamp": "2026-03-25T17:59:18.29422Z", "ticker": "KXWTAMATCH-26MAR25RYBPEG-PEG", "taker_side": "yes", "yes_price": 0.65, "no_price": 0.35, "count": 199.0}
{"trade_id": "c2ee706a-e8d1-60f9-528f-c4143211847d", "timestamp": "2026-03-25T17:59:18.29422Z", "ticker": "KXWTAMATCH-26MAR25RYBPEG-PEG", "taker_side": "yes", "yes_price": 0.65, "no_price": 0.35, "count": 199.0}
{"trade_id": "a921ba4f-847b-6ce5-6d00-c99fdf6aab86", "timestamp": "2026-03-25T17:59:18.29422Z", "ticker": "KXWTAMATCH-26MAR25RYBPEG-PEG", "taker_side": "yes", "yes_price": 0.65, "no_price": 0.35, "count": 199.0}
{"trade_id": "a87e5165-c9bf-63b8-6d9a-e166a33c2b7a", "timestamp": "2026-03-25T17:59:18.29422Z", "ticker": "KXWTAMATCH-26MAR25RYBPEG-PEG", "taker_side": "yes", "yes_price": 0.65, "no_price": 0.35, "count": 999.0}
{"trade_id": "a0c6be7c-5105-6719-4369-2f7c0b8d0e0e", "timestamp": "2026-03-25T17:59:18.29422Z", "ticker": "KXWTAMATCH-26MAR25RYBPEG-PEG", "taker_side": "yes", "yes_price": 0.65, "no_price": 0.35, "count": 142.0}
{"trade_id": "90e96ab6-b673-64ff-6b52-6e882b30b9d4", "timestamp": "2026-03-25T17:59:18.29422Z", "ticker": "KXWTAMATCH-26MAR25RYBPEG-PEG", "taker_side": "yes", "yes_price": 0.65, "no_price": 0.35, "count": 199.0}
{"trade_id": "8c3dd193-414a-63c5-44e2-ed1d91e6735f", "timestamp": "2026-03-25T17:59:18.29422Z", "ticker": "KXWTAMATCH-26MAR25RYBPEG-PEG", "taker_side": "yes", "yes_price": 0.65, "no_price": 0.35, "count": 199.0}
{"trade_id": "87e939b9-573a-6d1b-5ee0-f23b83ce7f97", "timestamp": "2026-03-25T17:59:18.29422Z", "ticker": "KXWTAMATCH-26MAR25RYBPEG-PEG", "taker_side": "yes", "yes_price": 0.65, "no_price": 0.35, "count": 199.0}
{"trade_id": "87bbb215-2923-6314-6be4-c57925de9408", "timestamp": "2026-03-25T17:59:18.29422Z", "ticker": "KXWTAMATCH-26MAR25RYBPEG-PEG", "taker_side": "yes", "yes_price": 0.65, "no_price": 0.35, "count": 999.0}
{"trade_id": "74781874-edcd-6990-561c-bcfec52cd7db", "timestamp": "2026-03-25T17:59:18.29422Z", "ticker": "KXWTAMATCH-26MAR25RYBPEG-PEG", "taker_side": "yes", "yes_price": 0.65, "no_price": 0.35, "count": 714.0}
{"trade_id": "70a386c5-bca2-6694-72ae-29ba9dd94867", "timestamp": "2026-03-25T17:59:18.29422Z", "ticker": "KXWTAMATCH-26MAR25RYBPEG-PEG", "taker_side": "yes", "yes_price": 0.65, "no_price": 0.35, "count": 199.0}
{"trade_id": "6dbd5f92-b9e0-6c08-4f35-f8412b46c446", "timestamp": "2026-03-25T17:59:18.29422Z", "ticker": "KXWTAMATCH-26MAR25RYBPEG-PEG", "taker_side": "yes", "yes_price": 0.65, "no_price": 0.35, "count": 176.0}
{"trade_id": "67f0d46a-02a2-6af7-6ff6-699c042a5ff2", "timestamp": "2026-03-25T17:59:18.29422Z", "ticker": "KXWTAMATCH-26MAR25RYBPEG-PEG", "taker_side": "yes", "yes_price": 0.65, "no_price": 0.35, "count": 142.0}
{"trade_id": "39b3e77f-8d17-6f0d-689b-55306ff1dde9", "timestamp": "2026-03-25T17:59:18.29422Z", "ticker": "KXWTAMATCH-26MAR25RYBPEG-PEG", "taker_side": "yes", "yes_price": 0.65, "no_price": 0.35, "count": 100.0}
{"trade_id": "378b2da7-7758-6f8c-5ac9-fcbf85c3a024", "timestamp": "2026-03-25T17:59:18.29422Z", "ticker": "KXWTAMATCH-26MAR25RYBPEG-PEG", "taker_side": "yes", "yes_price": 0.65, "no_price": 0.35, "count": 999.0}
{"trade_id": "3071c091-adec-6db6-7698-e108260bf8a2", "timestamp": "2026-03-25T17:59:18.29422Z", "ticker": "KXWTAMATCH-26MAR25RYBPEG-PEG", "taker_side": "yes", "yes_price": 0.65, "no_price": 0.35, "count": 199.0}
{"trade_id": "1e2535b1-4edf-6713-6186-5d505585ac62", "timestamp": "2026-03-25T17:59:18.29422Z", "ticker": "KXWTAMATCH-26MAR25RYBPEG-PEG", "taker_side": "yes", "yes_price": 0.65, "no_price": 0.35, "count": 999.0}
{"trade_id": "18d8ed34-7c33-604d-40c8-302468d70e4c", "timestamp": "2026-03-25T17:59:18.29422Z", "ticker": "KXWTAMATCH-26MAR25RYBPEG-PEG", "taker_side": "yes", "yes_price": 0.65, "no_price": 0.35, "count": 999.0}
{"trade_id": "eb9974fd-5b7d-7279-7969-8e377f91e382", "timestamp": "2026-03-25T17:59:16.571348Z", "ticker": "KXWTAMATCH-26MAR25RYBPEG-PEG", "taker_side": "yes", "yes_price": 0.65, "no_price": 0.35, "count": 149.0}
{"trade_id": "a213b67b-6d6f-623f-f749-9132d58275ca", "timestamp": "2026-03-25T17:59:14.311145Z", "ticker": "KXWTAMATCH-26MAR25RYBPEG-PEG", "taker_side": "yes", "yes_price": 0.64, "no_price": 0.36, "count": 30.0}
{"trade_id": "41a51073-d1a8-59b5-ffea-51d12993ff8b", "timestamp": "2026-03-25T17:59:13.965481Z", "ticker": "KXWTAMATCH-26MAR25RYBPEG-PEG", "taker_side": "yes", "yes_price": 0.63, "no_price": 0.37, "count": 37.0}
{"trade_id": "0a3928f7-aea5-5e2b-e65a-4f2dedfec52b", "timestamp": "2026-03-25T17:59:13.965481Z", "ticker": "KXWTAMATCH-26MAR25RYBPEG-PEG", "taker_side": "yes", "yes_price": 0.63, "no_price": 0.37, "count": 164.0}
{"trade_id": "e6d76e28-00fc-725d-751a-6a9c54125213", "timestamp": "2026-03-25T17:59:12.860636Z", "ticker": "KXWTAMATCH-26MAR25RYBPEG-PEG", "taker_side": "yes", "yes_price": 0.63, "no_price": 0.37, "count": 8.0}
{"trade_id": "6a0c4324-2334-50a1-a01b-4628074c3a2b", "timestamp": "2026-03-25T17:59:12.212608Z", "ticker": "KXWTAMATCH-26MAR25RYBPEG-PEG", "taker_side": "yes", "yes_price": 0.63, "no_price": 0.37, "count": 50.0}
{"trade_id": "ed11ab88-aac4-6cdd-42a5-f6b967528b07", "timestamp": "2026-03-25T17:59:11.199389Z", "ticker": "KXWTAMATCH-26MAR25RYBPEG-PEG", "taker_side": "yes", "yes_price": 0.63, "no_price": 0.37, "count": 104.0}
{"trade_id": "d986c923-70bc-6e5f-5c61-3c5161af3749", "timestamp": "2026-03-25T17:59:11.199389Z", "ticker": "KXWTAMATCH-26MAR25RYBPEG-PEG", "taker_side": "yes", "yes_price": 0.63, "no_price": 0.37, "count": 46.0}
{"trade_id": "f66f7b43-db28-430b-442c-c2422bfe11a9", "timestamp": "2026-03-25T17:59:10.199834Z", "ticker": "KXWTAMATCH-26MAR25RYBPEG-PEG", "taker_side": "yes", "yes_price": 0.63, "no_price": 0.37, "count": 153.0}
{"trade_id": "e72f8fe0-ec15-45ed-7994-15528118f5c3", "timestamp": "2026-03-25T17:59:10.199834Z", "ticker": "KXWTAMATCH-26MAR25RYBPEG-PEG", "taker_side": "yes", "yes_price": 0.63, "no_price": 0.37, "count": 199.0}
{"trade_id": "df77d9a2-240f-49c8-7175-df6a90006c2f", "timestamp": "2026-03-25T17:59:10.199834Z", "ticker": "KXWTAMATCH-26MAR25RYBPEG-PEG", "taker_side": "yes", "yes_price": 0.63, "no_price": 0.37, "count": 88.0}
{"trade_id": "717fbd02-4d21-45c1-4230-3fad8de0c558", "timestamp": "2026-03-25T17:59:10.199834Z", "ticker": "KXWTAMATCH-26MAR25RYBPEG-PEG", "taker_side": "yes", "yes_price": 0.63, "no_price": 0.37, "count": 199.0}
{"trade_id": "ffd48a6b-ad1b-59cc-b026-7dee5884cf53", "timestamp": "2026-03-25T17:59:09.819159Z", "ticker": "KXWTAMATCH-26MAR25RYBPEG-PEG", "taker_side": "yes", "yes_price": 0.63, "no_price": 0.37, "count": 7.0}
{"trade_id": "3b85968e-d9c7-4f00-465e-8131263add23", "timestamp": "2026-03-25T17:59:08.97708Z", "ticker": "KXWTAMATCH-26MAR25RYBPEG-PEG", "taker_side": "yes", "yes_price": 0.63, "no_price": 0.37, "count": 30.0}
{"trade_id": "d4be67a9-f363-7edc-9b4c-e3e1dff379ab", "timestamp": "2026-03-25T17:59:07.796978Z", "ticker": "KXWTAMATCH-26MAR25RYBPEG-PEG", "taker_side": "yes", "yes_price": 0.63, "no_price": 0.37, "count": 2.0}
{"trade_id": "4bdc59fb-7e83-4b44-42e3-31573216075f", "timestamp": "2026-03-25T17:59:05.523327Z", "ticker": "KXWTAMATCH-26MAR25RYBPEG-PEG", "taker_side": "yes", "yes_price": 0.63, "no_price": 0.37, "count": 13.0}
{"trade_id": "7ceaf412-9023-4570-fc02-884903af9ae3", "timestamp": "2026-03-25T17:59:04.465306Z", "ticker": "KXWTAMATCH-26MAR25RYBPEG-PEG", "taker_side": "yes", "yes_price": 0.63, "no_price": 0.37, "count": 17.0}
{"trade_id": "e2210618-bd02-7e4e-64f2-5700e035b3d0", "timestamp": "2026-03-25T17:59:36.842264Z", "ticker": "KXWTAMATCH-26MAR25RYBPEG-PEG", "taker_side": "yes", "yes_price": 0.66, "no_price": 0.34, "count": 36.0}
{"trade_id": "51a0143c-043b-78b1-9a47-5684ba888520", "timestamp": "2026-03-25T17:59:38.679369Z", "ticker": "KXWTAMATCH-26MAR25RYBPEG-PEG", "taker_side": "yes", "yes_price": 0.66, "no_price": 0.34, "count": 40.0}
{"trade_id": "49bb76a6-227b-7e8c-8b58-6eef5c1f0d82", "timestamp": "2026-03-25T17:59:38.679369Z", "ticker": "KXWTAMATCH-26MAR25RYBPEG-PEG", "taker_side": "yes", "yes_price": 0.66, "no_price": 0.34, "count": 60.0}
{"trade_id": "4c1b6438-be4c-633f-18d3-6f0a6ea4d62e", "timestamp": "2026-03-25T17:59:41.872085Z", "ticker": "KXWTAMATCH-26MAR25RYBPEG-PEG", "taker_side": "yes", "yes_price": 0.67, "no_price": 0.33, "count": 5.0}
{"trade_id": "90bf13dc-86fb-47fd-68f4-6c0d40c80849", "timestamp": "2026-03-25T17:59:43.022012Z", "ticker": "KXWTAMATCH-26MAR25RYBPEG-PEG", "taker_side": "yes", "yes_price": 0.67, "no_price": 0.33, "count": 64.0}
{"trade_id": "79e9cf2d-4c30-47bf-5623-6eeaa683476a", "timestamp": "2026-03-25T17:59:43.022012Z", "ticker": "KXWTAMATCH-26MAR25RYBPEG-PEG", "taker_side": "yes", "yes_price": 0.67, "no_price": 0.33, "count": 44.0}
{"trade_id": "8a235c7d-f228-5e77-e574-d7e29ccff7de", "timestamp": "2026-03-25T17:59:42.577997Z", "ticker": "KXWTAMATCH-26MAR25RYBPEG-PEG", "taker_side": "yes", "yes_price": 0.67, "no_price": 0.33, "count": 135.0}
{"trade_id": "4c1b6438-be4c-633f-18d3-6f0a6ea4d62e", "timestamp": "2026-03-25T17:59:41.872085Z", "ticker": "KXWTAMATCH-26MAR25RYBPEG-PEG", "taker_side": "yes", "yes_price": 0.67, "no_price": 0.33, "count": 5.0}
{"trade_id": "51a0143c-043b-78b1-9a47-5684ba888520", "timestamp": "2026-03-25T17:59:38.679369Z", "ticker": "KXWTAMATCH-26MAR25RYBPEG-PEG", "taker_side": "yes", "yes_price": 0.66, "no_price": 0.34, "count": 40.0}
{"trade_id": "49bb76a6-227b-7e8c-8b58-6eef5c1f0d82", "timestamp": "2026-03-25T17:59:38.679369Z", "ticker": "KXWTAMATCH-26MAR25RYBPEG-PEG", "taker_side": "yes", "yes_price": 0.66, "no_price": 0.34, "count": 60.0}
{"trade_id": "e2210618-bd02-7e4e-64f2-5700e035b3d0", "timestamp": "2026-03-25T17:59:36.842264Z", "ticker": "KXWTAMATCH-26MAR25RYBPEG-PEG", "taker_side": "yes", "yes_price": 0.66, "no_price": 0.34, "count": 36.0}
{"trade_id": "bd2dd06a-96be-4cd2-3c87-9a5208e5703c", "timestamp": "2026-03-25T17:59:33.219152Z", "ticker": "KXWTAMATCH-26MAR25RYBPEG-PEG", "taker_side": "yes", "yes_price": 0.66, "no_price": 0.34, "count": 9.0}
{"trade_id": "306b5af3-c9c6-507e-8581-742ef7bb9bf0", "timestamp": "2026-03-25T17:59:31.44294Z", "ticker": "KXWTAMATCH-26MAR25RYBPEG-PEG", "taker_side": "yes", "yes_price": 0.66, "no_price": 0.34, "count": 2576.0}
{"trade_id": "2812bc0c-5cbe-7a36-8cd2-45b31b9bc98c", "timestamp": "2026-03-25T17:59:31.22898Z", "ticker": "KXWTAMATCH-26MAR25RYBPEG-PEG", "taker_side": "yes", "yes_price": 0.66, "no_price": 0.34, "count": 7.0}
{"trade_id": "0e463ad3-7e2a-4136-66fa-843d71e0f5d4", "timestamp": "2026-03-25T17:59:31.225784Z", "ticker": "KXWTAMATCH-26MAR25RYBPEG-PEG", "taker_side": "yes", "yes_price": 0.66, "no_price": 0.34, "count": 192.0}
{"trade_id": "36d06af8-f55e-7cba-2a19-7c0707a4a024", "timestamp": "2026-03-25T17:59:29.462771Z", "ticker": "KXWTAMATCH-26MAR25RYBPEG-PEG", "taker_side": "yes", "yes_price": 0.66, "no_price": 0.34, "count": 8.0}
{"trade_id": "eee89509-86ce-5596-e3ab-7109cd2d5070", "timestamp": "2026-03-25T17:59:29.436574Z", "ticker": "KXWTAMATCH-26MAR25RYBPEG-PEG", "taker_side": "yes", "yes_price": 0.66, "no_price": 0.34, "count": 781.0}
