[{"trade_id": "e0eab7c6-ea45-4feb-8d4d-614a907d5e83", "timestamp": "2026-03-25T18:58:30.854227Z", "ticker": "KXBTCD-26MAR2515-T70699.99", "taker_side": "no", "yes_price": 0.98, "no_price": 0.02, "count": 1.0}, {"trade_id": "e1ab4afb-0a7e-722d-a20c-b7a096f6d7ba", "timestamp": "2026-03-25T18:58:34.08Z", "ticker": "KXBTCD-26MAR2515-T70699.99", "taker_side": "yes", "yes_price": 0.99, "no_price": 0.01, "count": 254.0}, {"trade_id": "e6f0c1d2-efbd-7717-9dd6-96b98d42c109", "timestamp": "2026-03-25T18:58:34.08Z", "ticker": "KXBTCD-26MAR2515-T70699.99", "taker_side": "yes", "yes_price": 0.99, "no_price": 0.01, "count": 250.0}, {"trade_id": "c881e22b-9cca-69d1-cfee-d6f6e36295f6", "timestamp": "2026-03-25T18:58:36.25175Z", "ticker": "KXBTCD-26MAR2515-T70699.99", "taker_side": "yes", "yes_price": 0.99, "no_price": 0.01, "count": 100.0}, {"trade_id": "c9ce0bdd-8c84-6aca-8a91-84cc8c091641", "timestamp": "2026-03-25T18:58:36.25225Z", "ticker": "KXBTCD-26MAR2515-T70699.99", "taker_side": "yes", "yes_price": 0.99, "no_price": 0.01, "count": 15.0}, {"trade_id": "fc533d48-f2ee-630d-b49a-2d6b5c6c5220", "timestamp": "2026-03-25T18:58:36.25225Z", "ticker": "KXBTCD-26MAR2515-T70699.99", "taker_side": "yes", "yes_price": 0.99, "no_price": 0.01, "count": 56.0}, {"trade_id": "dcb5994b-aba6-603f-1619-e7efeb04b10b", "timestamp": "2026-03-25T18:58:36.503858Z", "ticker": "KXBTCD-26MAR2515-T70699.99", "taker_side": "no", "yes_price": 0.99, "no_price": 0.01, "count": 22.0}, {"trade_id": "f76621d8-1741-628b-c7ed-6ac82b89a1db", "timestamp": "2026-03-25T18:58:37.942341Z", "ticker": "KXBTCD-26MAR2515-T70699.99", "taker_side": "no", "yes_price": 0.98, "no_price": 0.02, "count": 283.0}, {"trade_id": "c974f80c-a195-4d33-7998-a788d280b4ab", "timestamp": "2026-03-25T18:58:40.159673Z", "ticker": "KXBTCD-26MAR2515-T70699.99", "taker_side": "no", "yes_price": 0.98, "no_price": 0.02, "count": 31.0}, {"trade_id": "356938c6-8fee-5cb4-e202-e3ce805e9563", "timestamp": "2026-03-25T18:58:40.634237Z", "ticker": "KXBTCD-26MAR2515-T70699.99", "taker_side": "yes", "yes_price": 0.99, "no_price": 0.01, "count": 100.0}, {"trade_id": "9b2424dc-fd37-56aa-e57a-849bd71fb04b", "timestamp": "2026-03-25T18:58:40.634237Z", "ticker": "KXBTCD-26MAR2515-T70699.99", "taker_side": "yes", "yes_price": 0.99, "no_price": 0.01, "count": 152.0}, {"trade_id": "6b190617-5ebf-5d6e-715a-59cd930d034b", "timestamp": "2026-03-25T18:58:44.012255Z", "ticker": "KXBTCD-26MAR2515-T70699.99", "taker_side": "yes", "yes_price": 0.99, "no_price": 0.01, "count": 2.0}, {"trade_id": "f4ab2b29-9773-5f4a-5b40-61059ca921ff", "timestamp": "2026-03-25T18:58:45.735743Z", "ticker": "KXBTCD-26MAR2515-T70699.99", "taker_side": "yes", "yes_price": 0.99, "no_price": 0.01, "count": 36.0}, {"trade_id": "0261eb2f-445d-51a2-ab30-7a45c1d0a098", "timestamp": "2026-03-25T18:58:45.942464Z", "ticker": "KXBTCD-26MAR2515-T70699.99", "taker_side": "no", "yes_price": 0.98, "no_price": 0.02, "count": 1.0}, {"trade_id": "8d8dc5c2-f974-57a3-8664-2a5a8b2e2f9d", "timestamp": "2026-03-25T18:58:45.942464Z", "ticker": "KXBTCD-26MAR2515-T70699.99", "taker_side": "no", "yes_price": 0.98, "no_price": 0.02, "count": 9.0}, {"trade_id": "c49b4c33-f4b5-52df-9bb3-a845a02799bf", "timestamp": "2026-03-25T18:58:45.942464Z", "ticker": "KXBTCD-26MAR2515-T70699.99", "taker_side": "no", "yes_price": 0.98, "no_price": 0.02, "count": 63.0}, {"trade_id": "e5667343-3a65-51c0-9e25-6c35f9ebab85", "timestamp": "2026-03-25T18:58:45.942464Z", "ticker": "KXBTCD-26MAR2515-T70699.99", "taker_side": "no", "yes_price": 0.98, "no_price": 0.02, "count": 27.0}, {"trade_id": "e751a19d-2601-7464-b1bf-8c9ed966000d", "timestamp": "2026-03-25T18:58:45.943387Z", "ticker": "KXBTCD-26MAR2515-T70699.99", "taker_side": "no", "yes_price": 0.98, "no_price": 0.02, "count": 23.0}, {"trade_id": "36cd4699-5ce3-4673-2209-4b1baab84c9b", "timestamp": "2026-03-25T18:58:48.421364Z", "ticker": "KXBTCD-26MAR2515-T70699.99", "taker_side": "no", "yes_price": 0.97, "no_price": 0.03, "count": 31.0}, {"trade_id": "560080d5-6d6f-61fa-9989-243b3371f4a6", "timestamp": "2026-03-25T18:58:49.541393Z", "ticker": "KXBTCD-26MAR2515-T70699.99", "taker_side": "yes", "yes_price": 0.98, "no_price": 0.02, "count": 2.0}, {"trade_id": "27a13824-305b-5b8e-c459-8ed84495380e", "timestamp": "2026-03-25T18:58:50.059452Z", "ticker": "KXBTCD-26MAR2515-T70699.99", "taker_side": "yes", "yes_price": 0.98, "no_price": 0.02, "count": 7.0}, {"trade_id": "249d3161-aa63-525e-be05-a1ba455a96fe", "timestamp": "2026-03-25T18:58:51.167818Z", "ticker": "KXBTCD-26MAR2515-T70699.99", "taker_side": "yes", "yes_price": 0.98, "no_price": 0.02, "count": 8.0}, {"trade_id": "5a6a1758-1d53-4f8b-c625-e827fda46c73", "timestamp": "2026-03-25T18:58:51.715619Z", "ticker": "KXBTCD-26MAR2515-T70699.99", "taker_side": "no", "yes_price": 0.97, "no_price": 0.03, "count": 50.0}, {"trade_id": "8ea8dc64-4d9b-7b16-9a04-500881561d16", "timestamp": "2026-03-25T18:58:53.960233Z", "ticker": "KXBTCD-26MAR2515-T70699.99", "taker_side": "yes", "yes_price": 0.98, "no_price": 0.02, "count": 3.0}, {"trade_id": "613e21d4-056f-5a87-ff6e-dab8f8fd10c3", "timestamp": "2026-03-25T18:58:54.670739Z", "ticker": "KXBTCD-26MAR2515-T70699.99", "taker_side": "no", "yes_price": 0.97, "no_price": 0.03, "count": 40.0}, {"trade_id": "665c9647-274f-7153-6494-a930059125db", "timestamp": "2026-03-25T18:58:55.176819Z", "ticker": "KXBTCD-26MAR2515-T70699.99", "taker_side": "no", "yes_price": 0.97, "no_price": 0.03, "count": 20.0}, {"trade_id": "0c7e6c92-eee0-696c-f916-46336b627913", "timestamp": "2026-03-25T18:58:55.275169Z", "ticker": "KXBTCD-26MAR2515-T70699.99", "taker_side": "yes", "yes_price": 0.98, "no_price": 0.02, "count": 100.0}, {"trade_id": "9d986780-e5fb-6275-da5c-dac572df1ef8", "timestamp": "2026-03-25T18:58:55.275169Z", "ticker": "KXBTCD-26MAR2515-T70699.99", "taker_side": "yes", "yes_price": 0.99, "no_price": 0.01, "count": 9.0}, {"trade_id": "b862342f-1cf7-6dae-f8bb-b92f91d4d706", "timestamp": "2026-03-25T18:58:55.275169Z", "ticker": "KXBTCD-26MAR2515-T70699.99", "taker_side": "yes", "yes_price": 0.98, "no_price": 0.02, "count": 30.0}, {"trade_id": "56a09c15-3dad-7335-d50f-68c5a784d28b", "timestamp": "2026-03-25T18:58:58.548631Z", "ticker": "KXBTCD-26MAR2515-T70699.99", "taker_side": "yes", "yes_price": 0.99, "no_price": 0.01, "count": 3.0}, {"trade_id": "56abedf3-e65c-57e7-e79a-6f385fe6b443", "timestamp": "2026-03-25T18:59:00.583884Z", "ticker": "KXBTCD-26MAR2515-T70699.99", "taker_side": "no", "yes_price": 0.98, "no_price": 0.02, "count": 30.0}, {"trade_id": "1de6b83b-3229-72c1-fc67-ce7886f13627", "timestamp": "2026-03-25T18:59:02.87085Z", "ticker": "KXBTCD-26MAR2515-T70699.99", "taker_side": "no", "yes_price": 0.98, "no_price": 0.02, "count": 100.0}, {"trade_id": "64b10778-6964-777b-cd69-90eba4b07337", "timestamp": "2026-03-25T18:59:02.87085Z", "ticker": "KXBTCD-26MAR2515-T70699.99", "taker_side": "no", "yes_price": 0.98, "no_price": 0.02, "count": 120.0}, {"trade_id": "7edf91ae-b766-7fa6-f8d7-570129c9bf4c", "timestamp": "2026-03-25T18:59:02.87085Z", "ticker": "KXBTCD-26MAR2515-T70699.99", "taker_side": "no", "yes_price": 0.98, "no_price": 0.02, "count": 100.0}, {"trade_id": "e00132f5-bfca-7ce6-fafe-1f7e09aa610e", "timestamp": "2026-03-25T18:59:02.87085Z", "ticker": "KXBTCD-26MAR2515-T70699.99", "taker_side": "no", "yes_price": 0.98, "no_price": 0.02, "count": 100.0}, {"trade_id": "23ffd492-3d01-7943-3a3b-a6d228b627ee", "timestamp": "2026-03-25T18:59:04.088694Z", "ticker": "KXBTCD-26MAR2515-T70699.99", "taker_side": "no", "yes_price": 0.99, "no_price": 0.01, "count": 100.0}, {"trade_id": "cea6c02b-6cfc-7f8c-21da-8be21db00f8d", "timestamp": "2026-03-25T18:59:04.088694Z", "ticker": "KXBTCD-26MAR2515-T70699.99", "taker_side": "no", "yes_price": 0.99, "no_price": 0.01, "count": 3.0}, {"trade_id": "9a98d2e9-6a35-5576-4275-6d4750b241f9", "timestamp": "2026-03-25T18:59:05.30697Z", "ticker": "KXBTCD-26MAR2515-T70699.99", "taker_side": "no", "yes_price": 0.99, "no_price": 0.01, "count": 100.0}, {"trade_id": "2013063c-f3b3-7718-fb16-1dea1529b506", "timestamp": "2026-03-25T18:59:06.532033Z", "ticker": "KXBTCD-26MAR2515-T70699.99", "taker_side": "no", "yes_price": 0.98, "no_price": 0.02, "count": 100.0}, {"trade_id": "887b58fd-c6a6-76ec-058c-cb013d3a35d6", "timestamp": "2026-03-25T18:59:06.801156Z", "ticker": "KXBTCD-26MAR2515-T70699.99", "taker_side": "yes", "yes_price": 0.97, "no_price": 0.03, "count": 100.0}, {"trade_id": "58c5df6c-f840-6326-e6a8-88ca8140a64d", "timestamp": "2026-03-25T18:59:10.748663Z", "ticker": "KXBTCD-26MAR2515-T70699.99", "taker_side": "yes", "yes_price": 0.98, "no_price": 0.02, "count": 1010.0}, {"trade_id": "651b2d61-5818-5ab2-a4eb-e2b7d5c803b5", "timestamp": "2026-03-25T18:59:11.177566Z", "ticker": "KXBTCD-26MAR2515-T70699.99", "taker_side": "yes", "yes_price": 0.98, "no_price": 0.02, "count": 25.0}, {"trade_id": "bd7350c3-216c-4c42-5cb1-b2c0e11d52c5", "timestamp": "2026-03-25T18:59:12.012223Z", "ticker": "KXBTCD-26MAR2515-T70699.99", "taker_side": "yes", "yes_price": 0.98, "no_price": 0.02, "count": 1965.0}, {"trade_id": "572564f8-1345-4fc4-d7f5-d7f63dbe2bf0", "timestamp": "2026-03-25T18:59:12.385103Z", "ticker": "KXBTCD-26MAR2515-T70699.99", "taker_side": "no", "yes_price": 0.99, "no_price": 0.01, "count": 10.0}, {"trade_id": "491ca136-cea1-7484-5f96-30464861844c", "timestamp": "2026-03-25T18:59:23.833365Z", "ticker": "KXBTCD-26MAR2515-T70699.99", "taker_side": "no", "yes_price": 0.99, "no_price": 0.01, "count": 20.0}, {"trade_id": "5b5b08a4-0d8d-7e24-2e44-582036f350c8", "timestamp": "2026-03-25T18:59:24.467393Z", "ticker": "KXBTCD-26MAR2515-T70699.99", "taker_side": "no", "yes_price": 0.99, "no_price": 0.01, "count": 2.0}, {"trade_id": "b553f6a4-02d1-7f80-e7d2-b7136df1cebc", "timestamp": "2026-03-25T18:59:26.055175Z", "ticker": "KXBTCD-26MAR2515-T70699.99", "taker_side": "no", "yes_price": 0.99, "no_price": 0.01, "count": 50.0}, {"trade_id": "2753e698-b5c5-5480-9938-acf66cd397a8", "timestamp": "2026-03-25T18:59:26.185034Z", "ticker": "KXBTCD-26MAR2515-T70699.99", "taker_side": "no", "yes_price": 0.99, "no_price": 0.01, "count": 5.0}, {"trade_id": "ea1f9387-1c4d-75e8-7d93-7fa9eddb0ec8", "timestamp": "2026-03-25T18:59:28.027132Z", "ticker": "KXBTCD-26MAR2515-T70699.99", "taker_side": "no", "yes_price": 0.99, "no_price": 0.01, "count": 933.0}, {"trade_id": "d777ccbd-f02d-6a28-1aa8-bf820b2c02c4", "timestamp": "2026-03-25T18:59:46.767145Z", "ticker": "KXBTCD-26MAR2515-T70699.99", "taker_side": "no", "yes_price": 0.99, "no_price": 0.01, "count": 5.0}]