[{"trade_id": "5ac8453e-317c-550a-5dde-84d1b5e98429", "timestamp": "2026-03-25T18:14:45.224855Z", "ticker": "KXBTCD-26MAR2515-T70699.99", "taker_side": "yes", "yes_price": 0.76, "no_price": 0.24, "count": 13.0}, {"trade_id": "dafb35b2-692f-52a1-71ee-5c80b90477bf", "timestamp": "2026-03-25T18:14:45.224855Z", "ticker": "KXBTCD-26MAR2515-T70699.99", "taker_side": "yes", "yes_price": 0.76, "no_price": 0.24, "count": 25.0}, {"trade_id": "0332e920-6f23-41cb-fc0b-f454c661677b", "timestamp": "2026-03-25T18:14:45.476518Z", "ticker": "KXBTCD-26MAR2515-T70699.99", "taker_side": "no", "yes_price": 0.75, "no_price": 0.25, "count": 207.0}, {"trade_id": "2d9023a3-d1a5-4d58-ea75-ad8087c7e393", "timestamp": "2026-03-25T18:14:45.476518Z", "ticker": "KXBTCD-26MAR2515-T70699.99", "taker_side": "no", "yes_price": 0.75, "no_price": 0.25, "count": 15.0}, {"trade_id": "4cb01f36-bd6a-7b04-88e1-fb2e24ccecfa", "timestamp": "2026-03-25T18:10:43.316316Z", "ticker": "KXBTCD-26MAR2515-T70699.99", "taker_side": "yes", "yes_price": 0.73, "no_price": 0.27, "count": 36.0}, {"trade_id": "c326f680-6267-7407-87cd-5d6ddce92a68", "timestamp": "2026-03-25T18:10:43.316316Z", "ticker": "KXBTCD-26MAR2515-T70699.99", "taker_side": "yes", "yes_price": 0.73, "no_price": 0.27, "count": 14.0}, {"trade_id": "20c70ed1-d641-44ad-fe10-e80dbf840b44", "timestamp": "2026-03-25T18:10:54.709793Z", "ticker": "KXBTCD-26MAR2515-T70699.99", "taker_side": "no", "yes_price": 0.73, "no_price": 0.27, "count": 154.0}, {"trade_id": "2c3d9fe0-8f36-4696-de60-44c56f547f37", "timestamp": "2026-03-25T18:10:54.709793Z", "ticker": "KXBTCD-26MAR2515-T70699.99", "taker_side": "no", "yes_price": 0.73, "no_price": 0.27, "count": 100.0}, {"trade_id": "3ae4c68a-7796-41cf-ddaf-bd821c34b622", "timestamp": "2026-03-25T18:10:54.709793Z", "ticker": "KXBTCD-26MAR2515-T70699.99", "taker_side": "no", "yes_price": 0.73, "no_price": 0.27, "count": 100.0}, {"trade_id": "a50ee29a-9de8-44fe-de96-fc4a22b97998", "timestamp": "2026-03-25T18:10:54.709793Z", "ticker": "KXBTCD-26MAR2515-T70699.99", "taker_side": "no", "yes_price": 0.73, "no_price": 0.27, "count": 50.0}, {"trade_id": "cfe0e5f2-e08f-42cb-c124-f0dcff4b2fe3", "timestamp": "2026-03-25T18:10:54.709793Z", "ticker": "KXBTCD-26MAR2515-T70699.99", "taker_side": "no", "yes_price": 0.74, "no_price": 0.26, "count": 1.0}, {"trade_id": "dfa58867-40df-4151-4770-67307e869d7f", "timestamp": "2026-03-25T18:10:55.371657Z", "ticker": "KXBTCD-26MAR2515-T70699.99", "taker_side": "yes", "yes_price": 0.75, "no_price": 0.25, "count": 2.0}, {"trade_id": "18431310-a14b-7625-efb6-7c2cdcee5963", "timestamp": "2026-03-25T18:11:00.295489Z", "ticker": "KXBTCD-26MAR2515-T70699.99", "taker_side": "yes", "yes_price": 0.75, "no_price": 0.25, "count": 3.0}, {"trade_id": "fb8e39ff-4ac4-7e26-f771-2c6c6c5c298c", "timestamp": "2026-03-25T18:11:00.295489Z", "ticker": "KXBTCD-26MAR2515-T70699.99", "taker_side": "yes", "yes_price": 0.75, "no_price": 0.25, "count": 17.0}, {"trade_id": "45d99b81-62ba-46c0-2fea-4239cbd608b3", "timestamp": "2026-03-25T18:11:02.400336Z", "ticker": "KXBTCD-26MAR2515-T70699.99", "taker_side": "no", "yes_price": 0.73, "no_price": 0.27, "count": 1000.0}, {"trade_id": "ac876e63-7d45-47ba-07d1-cf8fb8baced1", "timestamp": "2026-03-25T18:11:02.400336Z", "ticker": "KXBTCD-26MAR2515-T70699.99", "taker_side": "no", "yes_price": 0.73, "no_price": 0.27, "count": 100.0}, {"trade_id": "b40ae0cb-3f01-6d39-920f-a1198af4edc2", "timestamp": "2026-03-25T18:11:16.656776Z", "ticker": "KXBTCD-26MAR2515-T70699.99", "taker_side": "no", "yes_price": 0.76, "no_price": 0.24, "count": 5.0}, {"trade_id": "f4add34b-52f7-61a5-9a7f-b8406e83c176", "timestamp": "2026-03-25T18:11:20.940215Z", "ticker": "KXBTCD-26MAR2515-T70699.99", "taker_side": "no", "yes_price": 0.76, "no_price": 0.24, "count": 19.0}, {"trade_id": "870e5692-2b0b-79f9-6020-b7f0caa1677a", "timestamp": "2026-03-25T18:11:26.920611Z", "ticker": "KXBTCD-26MAR2515-T70699.99", "taker_side": "yes", "yes_price": 0.76, "no_price": 0.24, "count": 12.0}, {"trade_id": "2d10be6f-8534-585e-36ff-acd42f3216e9", "timestamp": "2026-03-25T18:11:38.363516Z", "ticker": "KXBTCD-26MAR2515-T70699.99", "taker_side": "yes", "yes_price": 0.74, "no_price": 0.26, "count": 227.0}, {"trade_id": "4e7fc23a-de12-5592-289d-53b00a101792", "timestamp": "2026-03-25T18:11:38.363516Z", "ticker": "KXBTCD-26MAR2515-T70699.99", "taker_side": "yes", "yes_price": 0.73, "no_price": 0.27, "count": 20.0}, {"trade_id": "c51d75d6-496f-5c9a-3740-88494e83ca55", "timestamp": "2026-03-25T18:11:38.363516Z", "ticker": "KXBTCD-26MAR2515-T70699.99", "taker_side": "yes", "yes_price": 0.73, "no_price": 0.27, "count": 1.0}, {"trade_id": "ee5292d8-6bd8-6ba6-1e5d-1491100f5671", "timestamp": "2026-03-25T18:11:50.942574Z", "ticker": "KXBTCD-26MAR2515-T70699.99", "taker_side": "yes", "yes_price": 0.74, "no_price": 0.26, "count": 1309.0}, {"trade_id": "ad095bc0-ff90-70a6-e83e-936c3fd866d9", "timestamp": "2026-03-25T18:11:54.0318Z", "ticker": "KXBTCD-26MAR2515-T70699.99", "taker_side": "yes", "yes_price": 0.74, "no_price": 0.26, "count": 8.0}, {"trade_id": "6f10ce37-4022-585a-f981-6a2f38214c30", "timestamp": "2026-03-25T18:11:56.580444Z", "ticker": "KXBTCD-26MAR2515-T70699.99", "taker_side": "no", "yes_price": 0.72, "no_price": 0.28, "count": 1.0}, {"trade_id": "10acb31b-042a-4830-c008-0207ac7bd92c", "timestamp": "2026-03-25T18:12:59.260904Z", "ticker": "KXBTCD-26MAR2515-T70699.99", "taker_side": "yes", "yes_price": 0.73, "no_price": 0.27, "count": 100.0}, {"trade_id": "4cf6f9d7-6642-444e-cfc0-f2e9fed07fed", "timestamp": "2026-03-25T18:12:59.260904Z", "ticker": "KXBTCD-26MAR2515-T70699.99", "taker_side": "yes", "yes_price": 0.73, "no_price": 0.27, "count": 100.0}, {"trade_id": "e7e09891-2878-4ec2-d188-515ce520fca9", "timestamp": "2026-03-25T18:12:59.260904Z", "ticker": "KXBTCD-26MAR2515-T70699.99", "taker_side": "yes", "yes_price": 0.73, "no_price": 0.27, "count": 466.0}, {"trade_id": "ce04e359-8ba4-5fd8-3723-d9a192113336", "timestamp": "2026-03-25T18:13:03.313107Z", "ticker": "KXBTCD-26MAR2515-T70699.99", "taker_side": "yes", "yes_price": 0.72, "no_price": 0.28, "count": 2.0}, {"trade_id": "58d3bcdb-f097-5a35-aba1-d273eadf2411", "timestamp": "2026-03-25T18:13:18.048201Z", "ticker": "KXBTCD-26MAR2515-T70699.99", "taker_side": "no", "yes_price": 0.72, "no_price": 0.28, "count": 1.0}, {"trade_id": "a208b6e3-25b3-5aba-9f2a-56ef704bf296", "timestamp": "2026-03-25T18:13:18.048201Z", "ticker": "KXBTCD-26MAR2515-T70699.99", "taker_side": "no", "yes_price": 0.71, "no_price": 0.29, "count": 83.0}, {"trade_id": "2da9a4a1-d296-5a63-2617-d13d913a410b", "timestamp": "2026-03-25T18:13:19.945159Z", "ticker": "KXBTCD-26MAR2515-T70699.99", "taker_side": "no", "yes_price": 0.72, "no_price": 0.28, "count": 93.0}, {"trade_id": "b484c4c8-3799-584e-02eb-9b7de940c9fd", "timestamp": "2026-03-25T18:13:19.945159Z", "ticker": "KXBTCD-26MAR2515-T70699.99", "taker_side": "no", "yes_price": 0.72, "no_price": 0.28, "count": 100.0}, {"trade_id": "29b2d41d-be91-609e-9a7c-3c115582de7b", "timestamp": "2026-03-25T18:13:22.406693Z", "ticker": "KXBTCD-26MAR2515-T70699.99", "taker_side": "yes", "yes_price": 0.74, "no_price": 0.26, "count": 1.0}, {"trade_id": "3a7b9dc9-a6e8-6286-b869-3d5fcd7fd449", "timestamp": "2026-03-25T18:13:22.406693Z", "ticker": "KXBTCD-26MAR2515-T70699.99", "taker_side": "yes", "yes_price": 0.74, "no_price": 0.26, "count": 860.0}, {"trade_id": "3dc8eee4-74bc-4547-63df-8f006ee2b512", "timestamp": "2026-03-25T18:13:27.073375Z", "ticker": "KXBTCD-26MAR2515-T70699.99", "taker_side": "yes", "yes_price": 0.73, "no_price": 0.27, "count": 100.0}, {"trade_id": "4c43db61-e419-41f7-5120-359e4be6cd42", "timestamp": "2026-03-25T18:13:27.073375Z", "ticker": "KXBTCD-26MAR2515-T70699.99", "taker_side": "yes", "yes_price": 0.73, "no_price": 0.27, "count": 93.0}, {"trade_id": "3dd743c8-d7d4-70ba-71bf-917c203daa34", "timestamp": "2026-03-25T18:13:46.070331Z", "ticker": "KXBTCD-26MAR2515-T70699.99", "taker_side": "yes", "yes_price": 0.74, "no_price": 0.26, "count": 100.0}, {"trade_id": "e73ac674-8e56-712d-6fd2-243c084621be", "timestamp": "2026-03-25T18:13:46.070331Z", "ticker": "KXBTCD-26MAR2515-T70699.99", "taker_side": "yes", "yes_price": 0.74, "no_price": 0.26, "count": 100.0}, {"trade_id": "facd8557-f8b6-79f2-70d9-d1e7a0600117", "timestamp": "2026-03-25T18:13:46.070331Z", "ticker": "KXBTCD-26MAR2515-T70699.99", "taker_side": "yes", "yes_price": 0.74, "no_price": 0.26, "count": 250.0}, {"trade_id": "48970478-31e3-7890-8e82-b481a22400ef", "timestamp": "2026-03-25T18:13:52.290896Z", "ticker": "KXBTCD-26MAR2515-T70699.99", "taker_side": "no", "yes_price": 0.73, "no_price": 0.27, "count": 16.0}, {"trade_id": "941e4b92-07cc-7ad2-4af5-0cd7ad2e49d5", "timestamp": "2026-03-25T18:14:01.886915Z", "ticker": "KXBTCD-26MAR2515-T70699.99", "taker_side": "no", "yes_price": 0.72, "no_price": 0.28, "count": 15.0}, {"trade_id": "b2377ff3-9df1-7037-4fb1-db15df7659e4", "timestamp": "2026-03-25T18:14:01.886915Z", "ticker": "KXBTCD-26MAR2515-T70699.99", "taker_side": "no", "yes_price": 0.72, "no_price": 0.28, "count": 1.0}, {"trade_id": "6ac63a31-9016-646f-6c58-0fe8eb0313c3", "timestamp": "2026-03-25T18:14:06.60698Z", "ticker": "KXBTCD-26MAR2515-T70699.99", "taker_side": "yes", "yes_price": 0.73, "no_price": 0.27, "count": 1.0}, {"trade_id": "0c4b6766-c215-6927-432c-ca21958f5ae4", "timestamp": "2026-03-25T18:14:17.8807Z", "ticker": "KXBTCD-26MAR2515-T70699.99", "taker_side": "yes", "yes_price": 0.75, "no_price": 0.25, "count": 25.0}, {"trade_id": "5e7c5888-5ec5-6f85-47ec-a3116cb98d37", "timestamp": "2026-03-25T18:14:29.220057Z", "ticker": "KXBTCD-26MAR2515-T70699.99", "taker_side": "yes", "yes_price": 0.76, "no_price": 0.24, "count": 25.0}, {"trade_id": "6c2dd3b3-5c1b-6f97-acd0-24e31724288a", "timestamp": "2026-03-25T18:14:32.865807Z", "ticker": "KXBTCD-26MAR2515-T70699.99", "taker_side": "yes", "yes_price": 0.75, "no_price": 0.25, "count": 40.0}, {"trade_id": "addc4c2c-a16b-7ee7-8673-6120a0ca1956", "timestamp": "2026-03-25T18:14:35.036302Z", "ticker": "KXBTCD-26MAR2515-T70699.99", "taker_side": "yes", "yes_price": 0.75, "no_price": 0.25, "count": 5.0}, {"trade_id": "0a689ea1-9f4f-4a0b-f4d3-26e0b92f5bea", "timestamp": "2026-03-25T18:14:35.436394Z", "ticker": "KXBTCD-26MAR2515-T70699.99", "taker_side": "yes", "yes_price": 0.75, "no_price": 0.25, "count": 205.0}, {"trade_id": "0b1934e9-a421-456b-db65-8a660781b174", "timestamp": "2026-03-25T18:14:35.436394Z", "ticker": "KXBTCD-26MAR2515-T70699.99", "taker_side": "yes", "yes_price": 0.75, "no_price": 0.25, "count": 1.0}]